2596 4582
218 345 255 403 ab
456 334 819 392 METAMORPHOSEON
841 335 955 390 LIBER
975 334 1022 391 Vl.

217 463 338 530 britate
354 460 536 543 lubricum,
552 459 668 527 mediis
684 484 702 527 e
719 458 868 526 faucibus
885 454 1003 550 lapidis
1019 455 1125 526 sontes
1141 459 1249 527 horri·
1290 464 1292 475 '

219 605 279 673 dos
293 604 467 672 evomebat
483 629 491 670 :
510 604 567 695 qui
583 578 697 670 statim¹
710 603 806 695 proni
824 601 994 669 foraminis
1012 600 1137 669 lacunis
1155 603 1250 686 editi,

218 772 344 843 perque
361 746 507 843 proclive
524 742 666 839 delapsi,
687 760 719 812 et
737 748 866 838 angusti
884 742 1007 813 canalis
1024 759 1152 813 exserto
1172 768 1250 813 cou-

218 891 298 958 tecti
316 890 465 971 tramite,
483 889 666 981 proximam
684 886 868 956 convallem
887 886 1025 955 latenter
1042 886 1249 974 incidebant,

219 1035 355 1103 dextera
376 1033 522 1125 laevaque
539 1033 690 1100 cautibus
711 1033 834 1100 cavatis
857 1045 1076 1124 proserpunt,
1098 1045 1132 1097 et
1153 1027 1250 1125 longa

219 1176 303 1246 colla
322 1178 466 1271 porrecti
485 1176 559 1244 saevi
579 1176 756 1258 dracones,
776 1176 960 1242 inconnivae
978 1173 1097 1268 vigiliae
1115 1173 1249 1277 lumini·

218 1321 282 1390 bus
300 1319 456 1407 addictis,
475 1334 508 1387 et
524 1321 768 1415 inperpetuum
785 1316 891 1385 lucem
907 1316 1041 1411 pupillis
1060 1317 1250 1387 excubanti·

218 1463 292 1531 bus.
308 1466 447 1556 Jamque
460 1463 584 1556 etipse
598 1477 700 1530 semet
715 1462 906 1529 muniebant
920 1459 1046 1530 vocales
1060 1485 1162 1553 aquae.
1179 1465 1251 1530 Jam
1294 1466 1296 1489 ⁵

219 1621 270 1691 et,
287 1604 444 1690 Discede,
460 1621 510 1688 et,
527 1604 617 1693 Quid
634 1605 733 1673 facis?
751 1605 851 1688 Vide3
868 1619 918 1687 et,
932 1603 1130 1698 Quidagis?
1144 1606 1250 1689 Cave,
1294 1668 1296 1715 :

220 1762 253 1816 et
272 1751 380 1841 Fuge,
397 1763 429 1816 et
448 1729 591 1835 Peribis,
610 1746 750 1816 subinde
767 1745 920 1815 clamant.

268 2082 323 2148 Sic
350 2081 613 2174 impossibilitate
638 2085 707 2176 ipsa
733 2097 859 2151 mutata
884 2081 1082 2176 inlapidem
1107 2083 1252 2178 Psyche,
1294 2158 1296 2165 ,

221 2225 373 2316 quamvis
391 2228 542 2318 praesenti
563 2250 720 2319 corpore,
742 2226 890 2294 sensibus
908 2241 1017 2332 tamen
1038 2226 1152 2295 aberat
1172 2253 1180 2295 ε
1199 2241 1251 2316 et,

220 2367 456 2437 inextricabilis
482 2367 621 2461 periculi
650 2367 737 2449 mole
766 2394 900 2461 prorsus
925 2370 1065 2456 obruta,
1091 2366 1251 2464 lacryma·

221 2537 296 2579 rum
326 2515 424 2580 etiam
449 2527 596 2581 extremo
624 2513 741 2582 solatio
768 2513 911 2582 carebat.
940 2515 1012 2584 Nec
1039 2514 1252 2609 providentia

220 2656 316 2724 bonae
342 2681 458 2750 graves
486 2655 598 2725 oculos
625 2659 810 2726 innocentis
836 2660 951 2726 animae
976 2657 1073 2727 latuit
1095 2684 1251 2728 aerumna.

221 2801 308 2869 Nam
326 2801 471 2894 supremi
489 2802 580 2868 Jovis
598 2800 714 2895 regalis
731 2798 799 2868 ales
818 2799 890 2889 illa,
910 2816 1061 2895 repente,
1079 2804 1253 2896 propansis

223 2946 388 3037 utrimque
402 2933 531 3039 pinnis,
548 2945 644 3013 alluit
661 2970 762 3038 rapax
778 2944 910 3038 aquila:
927 2970 1119 3040 memorque
1135 2949 1254 3017 veteris

223 3088 392 3181 obsequii,
413 3113 479 3180 quo
499 3081 599 3157 ductu
621 3089 796 3182 Cupidinis
816 3089 889 3158 Jovi
909 3088 1135 3182 pocillatorem
1147 3091 1253 3184 Phry·

224 3228 314 3325 gium
334 3229 529 3314 sustulerat,
550 3246 771 3325 opportunam
789 3231 896 3300 ferens
915 3257 1030 3326 opem,
1051 3231 1170 3325 deique
1191 3258 1253 3301 uu·

223 3398 299 3442 men
316 3375 350 3440 in
369 3376 480 3444 uxoris
499 3374 665 3444 laboribus
683 3375 874 3469 percolens,
894 3375 951 3445 alti
968 3375 1121 3446 culminis
1140 3377 1255 3448 Diales

224 3518 293 3585 vias
312 3516 439 3587 deserit.
460 3523 505 3588 Et
522 3520 565 3587 ob
584 3545 621 3588 os
638 3520 754 3614 puellae
771 3518 970 3615 praevolans,
991 3523 1134 3614 incipit:
1155 3525 1201 3591 At
1219 3539 1253 3593 tu

225 3661 362 3755 simplex
381 3656 552 3753 alioquin,
571 3679 603 3731 et
623 3688 737 3756 expers
759 3687 867 3733 rerum
889 3663 1024 3752 talium,
1045 3691 1203 3758 sperasne
1223 3682 1254 3736 te
1294 3702 1296 3711 <

226 3807 418 3874 sanctissimi
442 3830 502 3873 nec
523 3808 631 3875 minus
653 3807 829 3877 truculenti
850 3809 948 3879 fontis
977 3808 1027 3877 vel
1057 3836 1157 3880 unam
1182 3811 1253 3880 stil-

201 3950 290 4036 ,ss-lam
313 3978 406 4046 posse
428 3954 550 4041 furari,
572 3953 622 4027 vel
646 3955 781 4022 omnino
803 3955 1017 4049 contingere?
1038 3958 1110 4027 Diis
1132 3958 1253 4045 etiam,
