2596 4582
477 557 819 689 APULEll

178 904 1114 1035 METAMORPHOSEON

432 1228 581 1296 LIBER
609 1229 865 1299 SEPTIMUS.

586 1488 716 1507 —-·-

135 1680 216 1805 Ur
233 1738 377 1830 primum
398 1737 541 1805 tenebris
561 1738 715 1831 abjectis,
736 1739 805 1807 dies
826 1738 1011 1826 inalbebat,
1032 1756 1066 1810 et
1085 1766 1158 1811 can·

132 1880 246 1949 didum
272 1880 357 1948 Solis
384 1879 584 1950 curriculum
610 1897 728 1950 cuncta
754 1882 999 1972 conlustrabat3
1026 1885 1157 1978 quidam

130 2024 171 2092 de
195 2048 335 2092 numero
360 2021 524 2092 latronum
551 2029 710 2118 pervenit.
734 2027 790 2096 Sic
814 2028 901 2095 enirn
926 2043 1051 2096 mntuae
1076 2029 1158 2098 salu·

131 2167 263 2236 tationis
283 2167 428 2236 officium
448 2167 624 2238 indicabat.
648 2172 680 2237 Is
703 2152 739 2237 in
758 2172 866 2263 primo
885 2169 1051 2262 speluncae
1069 2169 1156 2240 aditu

130 2310 293 2396 residens,
315 2326 404 2379 etex
423 2309 569 2380 anhelitu
590 2327 721 2407 recepto
741 2313 880 2406 spiritu,
902 2311 1000 2381 talem
1022 2311 1156 2407 collegio

130 2478 191 2522 suo
210 2457 369 2524 nuncium
388 2456 474 2523 fecit.

179 2646 279 2734 Quod
305 2646 346 2713 ad
371 2646 505 2714 domum
529 2643 664 2715 Milonis
689 2648 867 2740 Hypatini,
889 2671 988 2739 quam
1014 2648 1154 2739 proxime

131 2789 347 2881 diripuimus,
364 2790 527 2882 pertinet,
548 2788 691 2857 discussa
713 2787 932 2858 sollicitudine
952 2791 1021 2882 jam
1045 2812 1153 2882 possu-

129 2957 204 3000 mus
230 2956 299 3000 esse
325 2932 441 3000 securi.
469 2935 649 3024 Postquam
675 2956 734 2999 vos
759 2933 848 2999 enim
877 2932 1047 3002 fortissimi
1075 2932 1152 3017 viri,

128 3077 227 3147 rebus
256 3075 383 3143 cunetis
412 3073 552 3161 ablatis,
582 3087 688 3143 castra
717 3089 828 3142 nostra
860 3077 1029 3144 remeantis
1060 3101 1069 3143 τ
1098 3077 1152 3143 im·

129 3219 251 3286 mixtus
274 3242 336 3312 ego
359 3215 502 3286 turbulis
530 3215 759 3310 popularium,
777 3216 969 3310 dolentique
990 3233 1092 3312 atque
1107 3218 1152 3286 in·

129 3365 280 3458 dignanti
304 3359 441 3448 similis,
462 3363 647 3431 arbitrabar
675 3386 775 3455 super
806 3364 1057 3457 investigatione
1085 3359 1154 3455 faeti

128 3507 313 3600 eujusmodi
331 3504 507 3574 consilium
524 3522 680 3599 caperent
702 3531 710 3572 τ
732 3520 765 3574 et
785 3530 848 3591 an,
870 3521 903 3573 et
925 3522 1091 3598 quatenus
1114 3504 1154 3573 la·

128 3669 240 3722 trones
259 3651 402 3746 placeret
421 3652 543 3744 inquiri
563 3677 570 3716 :
591 3652 840 3718 renuntiaturus
861 3651 972 3736 vobis,
993 3653 1043 3719 uti
1067 3674 1154 3720 man·

129 3797 309 3884 daveratis,
326 3797 449 3865 omnia.
466 3798 534 3864 Nec
549 3795 751 3887 argumentis
766 3793 890 3880 dubiis,
906 3795 961 3863 sed
977 3796 1157 3865 rationibus

8 3968 11 3975 ¹
127 3937 374 4035 probabilibus,
401 3963 548 4031 congruo
577 3952 704 4005 cunctae
731 3934 952 4005 multitudinis
978 3934 1160 4024 consensu,
