2596 4582
132 357 169 413 68
356 353 727 410 METAMORPHOSEON
749 356 861 412 Llssltlt
883 357 946 411 Vll.

130 480 338 549 validissimae
360 482 497 567 manui,
520 496 689 574 totamque
711 507 845 574 prorsus
867 482 1033 551 devastavi
1057 487 1169 554 Mace·

129 625 275 693 doniam.
301 628 373 718 Ego
399 648 472 692 snm
499 623 609 716 praedo
636 624 799 706 famosus,
823 630 957 695 Haemus
983 625 1038 696 ille
1063 630 1170 699 Thra·

129 772 219 854 cius,
243 771 335 862 cujus
361 784 437 837 totae
464 771 643 862 provinciae
669 794 790 838 nomen
817 772 1015 843 horrescunt
1043 796 1051 840 ε
1077 791 1169 868 patre

128 916 281 1016 Tlrerpne
299 929 399 1006 atque
419 912 547 983 latrone
567 913 690 1007 inclyto
709 931 905 1009 prognatus,
925 916 1073 985 humano
1092 944 1168 987 san·

128 1060 228 1151 guina
247 1058 412 1141 nutritus,
433 1058 584 1148 interque
603 1057 691 1149 ipsos
709 1056 895 1151 manipnlos
915 1058 1068 1129 factionis
1087 1063 1167 1132 edu·

41 1224 42 1227 ’
127 1218 239 1286 catus,
265 1202 360 1268 heres
387 1215 419 1266 et
445 1198 583 1267 aemulus
610 1201 740 1269 virtutis
765 1216 919 1294 paternae.
946 1200 1009 1270 Sed
1036 1230 1166 1275 omnem

127 1347 300 1440 pristinam
323 1346 488 1412 sociorum
514 1342 651 1411 sortium
677 1343 948 1431 multitudinem,
968 1371 1168 1442 magnasque

129 1491 201 1560 illas
219 1516 298 1584 opes
317 1491 436 1584 exiguo
461 1491 621 1582 temporis
643 1489 737 1556 amisi
758 1491 876 1581 spatio.
898 1492 984 1561 Nam
1008 1516 1166 1584 procura·

128 1650 232 1702 torem
257 1633 418 1726 principis
438 1631 619 1699 ducenaria
639 1630 873 1725 perfunctum,
893 1632 1015 1702 dehinc
1036 1634 1164 1706 fortuna

128 1781 273 1863 tristiore
289 1775 480 1862 decussum,
495 1790 713 1869 praetereunte
728 1791 826 1844 noctu
841 1775 965 1845 fueram
982 1803 1164 1872 aggressus.

129 1922 192 1992 Sed
212 1923 258 1988 rei
276 1920 449 1988 noscendae
467 1943 568 2012 carpo
587 1919 747 1986 ordinem.

175 2087 251 2154 Fuit
279 2083 413 2177 qnidam
441 2080 554 2149 multis
582 2080 698 2150 officiis
726 2082 758 2149 in
790 2080 865 2149 aula
891 2083 1030 2152 Caesaris
1059 2084 1163 2154 clarus

128 2248 226 2325 atque
256 2229 477 2322 conspicuus,
507 2228 569 2319 ipsi
598 2227 695 2293 etiam
725 2227 828 2318 probe
859 2243 1036 2321 spectatus.
1069 2234 1162 2300 Hunc

128 2371 355 2441 insimulatum
384 2368 606 2463 quorumdam
640 2383 713 2437 astu
745 2370 882 2460 projecit
910 2385 1077 2440 extorrem
1097 2397 1162 2442 ·sae·

129 2521 220 2584 viens
237 2514 369 2583 invidia.
388 2512 452 2582 Sed
470 2536 554 2579 uxor
569 2513 640 2604 ejus
655 2512 801 2598 Plotina,
819 2512 970 2604 quaedam
989 2540 1074 2585 rarae
1091 2516 1160 2584 lidei

130 2676 227 2752 atquc
250 2657 425 2752 singularis
450 2655 617 2750 pudicitiae
641 2638 780 2741 femina,
800 2683 874 2750 quae
898 2658 1027 2728 decimo
1054 2675 1160 2755 partus

129 2801 293 2895 stipendio
317 2802 379 2868 viri
403 2798 560 2867 familiam
584 2799 797 2883 fundaverat,
821 2801 939 2893 spretis
961 2817 1063 2896 atque
1086 2827 1159 2872 con·

38 2998 41 3004 -
130 2946 262 3039 temptis
294 2945 414 3013 urbicae
443 2943 581 3012 luxuriae
610 2942 754 3029 deliciis,
786 2943 940 3038 fugientis
970 2971 1105 3033 comes,
1131 2961 1160 3014 et

132 3090 323 3158 infortuniis
343 3090 449 3172 socia,
472 3102 567 3154 tonso
590 3085 729 3179 capillo,
750 3089 784 3154 in
808 3087 1021 3156 masculinam
1050 3089 1157 3160 faciem

131 3235 309 3304 reformato
328 3233 465 3318 habitu,
485 3232 728 3324 pretiosissimis
749 3231 922 3302 monilium
941 3245 973 3300 et
993 3257 1077 3309 auro
1096 3257 1157 3301 mo·

131 3377 343 3475 netuli-zonis
362 3374 490 3443 refertis
512 3376 673 3461 incincta,
696 3377 780 3443 inter
800 3376 886 3468 ipsas
906 3376 1158 3447 custodientium

130 3522 273 3591 militum
296 3544 415 3588 manus
435 3533 468 3586 et
488 3517 614 3612 gladios
636 3520 742 3587 nudos
764 3520 948 3615 intrepida,
968 3536 1158 3591 cunctorum
1195 3496 1207 3523 l

131 3667 355 3763 periculorum
375 3665 562 3773 particeps,
583 3679 615 3731 et
635 3689 695 3757 pro
715 3667 826 3732 mariti
847 3663 951 3734 salute
972 3664 1160 3761 pervigilem

132 3839 244 3882 curam
272 3813 459 3895 sustinens,
490 3832 653 3875 aerumnas
683 3806 828 3877 assiduas
860 3809 992 3903 ingenio
1022 3804 1163 3880 masculo

130 3957 322 4025 sustinebat.
