2596 4582
207 321 242 380 dn
455 315 822 373 METAMORPHOSEON
849 319 962 387 LIBER
983 319 1034 373 VI.

210 437 303 507 clivis
329 453 362 507 et
387 440 590 509 aufractibus
618 441 791 535 fatigatos,
820 466 925 536 prope
951 443 1055 544 ipsam
1082 468 1248 538 vesperam

210 583 399 677 perducunt
416 583 459 653 ad
477 587 666 678 quampiam
686 585 877 681 speluncam
897 614 904 655 :
927 587 1017 656 unde
1034 586 1149 657 multis
1168 616 1250 659 onu-

209 741 277 795 stos
297 728 396 795 rebus
417 753 567 810 rursum,
592 754 632 797 ne
652 728 822 798 breviculo
844 729 977 822 quidem
1000 747 1148 827 tempore
1169 735 1251 802 rele-

209 886 301 959 ctos,
329 873 431 943 ociter
458 872 622 941 reducunt
648 899 655 941 :
686 888 843 967 tantaque
869 873 1098 967 trepidatione.
1118 877 1251 946 festina·

210 1016 306 1103 bant,
326 1032 362 1085 ut
381 1040 433 1083 mc
450 1013 557 1111 plagis
576 1015 688 1085 multis
706 1017 945 1104 obtundentes,
965 1017 1253 1115 propellentesque

210 1184 308 1253 super
333 1157 474 1253 lapidem
501 1175 637 1252 propter
662 1162 750 1231 viam
770 1164 914 1257 positum
937 1161 1128 1254 dejicerent.
1154 1164 1254 1233 Unde

17 1370 22 1391 Ι
125 1335 129 1340 ’
209 1305 334 1373 crebris
357 1330 449 1399 aeque
470 1305 609 1399 ingestis
630 1305 770 1390 ictibus,
791 1304 928 1384 dextero
950 1330 1048 1373 crure
1071 1321 1105 1375 et
1128 1307 1252 1403 ungula

211 1452 343 1517 sinistra
362 1475 415 1518 me
433 1448 660 1534 debilitatum,
680 1474 766 1544 aegre
785 1448 827 1535 ad
846 1448 1089 1542 exsurgendum
1106 1453 1253 1546 compel-

212 1595 295 1664 lunt.
315 1600 357 1664 Et
376 1621 486 1681 uuus,
508 1599 717 1687 Quousque,
740 1597 869 1689 inquit,
889 1611 1026 1688 ruptum
1047 1596 1149 1664 istum
1171 1596 1251 1667 asel-

211 1739 298 1829 lum,
317 1766 407 1809 nunc
427 1742 528 1842 etiam
546 1738 718 1820 claudum,
739 1740 860 1809 frustra
879 1739 1072 1832 pascemus?
1090 1744 1134 1809 Et
1150 1739 1249 1825 alius,

211 1886 326 1975 Quid?
346 1885 437 1978 quod
458 1900 490 1952 et
511 1861 654 1978 pessimo
674 1885 756 1979 pede
774 1884 910 1952 domum
930 1851 1077 1962 nostram
1097 1888 1250 1970 accessit,

213 2055 273 2099 nec
290 2029 471 2122 quidquam
490 2028 601 2096 idonei
620 2026 703 2095 lucri
720 2027 837 2096 exinde
853 2029 1018 2121 cepimus,
1034 2028 1094 2104 sed
1105 2029 1249 2105 <vulnera

213 2189 246 2241 et
271 2172 526 2241 fortissimorum
552 2174 741 2240 occisiones.
768 2170 860 2241 Alius
885 2173 1006 2244 iterum
1031 2199 1039 2241 ε
1065 2176 1177 2242 Certe·
1190 2199 1248 2268 ego

212 2301 315 2415 quum
332 2320 475 2412 primum
492 2320 635 2386 sarcinas
650 2319 746 2403 istas,
762 2341 964 2409 quamquam
979 2300 1121 2415 inditus,
1138 2333 1249 2412 pertu-

212 2463 303 2549 lerit,
316 2465 468 2557 protinus
480 2488 572 2547 eum,
585 2462 738 2530 vulturiis
751 2463 974 2557 gratissimum
990 2432 1148 2555 pabulum
1161 2463 1249 2532 futu·

214 2630 306 2690 rum,
329 2605 550 2700 praecipitabo.
570 2609 661 2674 Dum
682 2629 793 2672 secum
809 2605 973 2678 mitissimi
987 2603 1138 2672 homines
1151 2601 1249 2673 alter·

141 2783 144 2790 ·
215 2764 292 2817 cant
313 2750 353 2818 de
374 2774 447 2819 mea
465 2774 563 2832 nece,
584 2752 652 2843 jam
671 2765 703 2818 et
723 2748 857 2817 domum
878 2754 1145 2844 perveneramus.
1165 2752 1248 2820 Nam

213 2895 312 2963 timor
331 2892 471 2988 ungulas
500 2894 580 2962 mihi
603 2894 671 2962 alas
699 2894 832 2962 fecerat.
856 2896 942 2962 Tum
968 2872 1041 2985 que?
1066 2892 1249 2962 ferebamus

212 3036 339 3116 amoliti
358 3041 559 3133 properiter,
580 3037 671 3108 nulla
688 3037 803 3127 salutis
819 3052 941 3127 nostre
959 3041 1041 3123 cura
1052 3056 1096 3107 'ac
1112 3061 1155 3121 ue
1172 3062 1250 3107 meae

212 3183 346 3278 quidem
369 3187 456 3253 necis
475 3185 608 3270 habita,
629 3186 807 3254 comitibus
826 3183 979 3268 adscitis,
999 3185 1056 3276 qui
1083 3182 1248 3253 vulnerati

210 3344 460 3413 remanserant,
491 3327 619 3399 dudum
648 3343 853 3401 recurrunt:
875 3325 1033 3412 relaturi,
1062 3322 1179 3416 taedio,
1215 3338 1250 3395 ut

115 3494 119 3509 ·
211 3473 362 3565 aiebant,
385 3486 503 3542 nostrae
524 3470 696 3546 tarditatis.
