2596 4582
126 333 167 390 88
364 329 730 388 METAMORPHOSEON
750 328 863 386 LIBER
883 330 949 386 vlt.

67 541 68 544 Ἴ
129 464 294 531 Venerem
311 452 398 553 pasti
418 461 579 528 satianter
599 484 638 528 ac
658 459 715 526 diu
733 459 872 554 saginati
885 458 1077 546 ‚terribiles
1092 460 1179 530 alio·

130 607 232 700 quin,
250 619 284 673 et
301 606 417 698 utique
437 605 557 697 quovis
574 605 667 672 asino
686 572 911 692 fortiorespde
926 630 978 674 me
988 620 1172 678 metuentes

131 748 215 834 sibi,
251 745 417 816 adulterio
445 746 602 842 degeneri
633 763 888 842 precaventes„
904 774 965 818 nec
994 749 1170 846 Hospitalis

131 895 221 964 Jovis
242 907 374 962 servato
393 892 535 981 loedere,
566 892 705 962 rivalem
730 919 861 963 summo
892 894 1041 964 furentes
1067 921 1169 992 perse·

133 1054 284 1133 quuntur
301 1037 390 1106 odio.

185 1612 249 1678 Hic
267 1609 360 1678 elatis
377 1612 411 1677 in
433 1608 538 1679 altum
557 1611 658 1678 vastis
675 1609 866 1703 pectoribus
884 1659 893 1694 ,
914 1606 1039 1676 arduus
1054 1602 1171 1702 capite,

136 1769 169 1823 et
186 1753 336 1823 sublimis
346 1756 483 1840 vertice,
500 1754 703 1849 primoribus
719 1755 753 1821 in
771 1778 823 1822 me
839 1742 1173 1847 pugillaturuugulis;

137 1898 194 1968 ille
216 1915 308 1993 terga
332 1899 482 1994 pulposis
508 1897 626 1968 torulis
651 1900 749 1967 obesa
771 1912 985 1983 convertens,
1007 1896 1176 1990 postremis

139 2046 298 2116 velitatur
310 2046 456 2116 calcibus
473 2072 482 2134 ;
509 2047 594 2115 alius
612 2047 749 2115 hinnitu
767 2045 916 2141 maligno
937 2047 1177 2128 comminatus,

138 2191 293 2261 remulsis
322 2193 487 2280 auribus,
515 2193 735 2285 dentiumque
768 2191 984 2261 candentium
1014 2189 1179 2259 renudatis

138 2338 260 2425 hastis,
287 2353 396 2407 totum
417 2363 470 2405 me
491 2338 734 2408 commorsicat.
763 2338 818 2405 Sic
843 2335 932 2429 apud
953 2335 1128 2404 historiam
1142 2332 1181 2400 de

138 2506 217 2576 rege
231 2484 378 2551 Thracio
400 2482 565 2576 legeram,
580 2485 638 2575 qui
655 2485 794 2552 miseros
810 2482 956 2579 hospites
969 2481 1183 2575 ferinisequis

140 2628 209 2694 suis
228 2624 423 2695 lacerandos
444 2625 722 2718 devorandosque
746 2627 949 2721 porrigebat.
980 2625 1075 2696 Adeo
1099 2649 1180 2720 prae·

140 2785 259 2865 potens
281 2769 336 2839 ille
354 2785 516 2867 tyrannus
534 2772 581 2840 sic
599 2795 720 2864 parcus
736 2771 854 2839 hordei
875 2769 959 2858 fuit,
981 2785 1017 2838 ut
1034 2769 1181 2839 edacium

138 2914 372 3006 jumentorum
400 2915 522 2985 famem
547 2941 727 3010 corporum
745 2915 982 2983 ⁴humanorum
1009 2913 1184 3009 largitione

144 3059 286 3129 sedaret.
308 3059 360 3129 Ad
384 3059 539 3128 eumdem
566 3058 703 3129 modum
735 3059 913 3128 distractus
938 3074 970 3128 et
996 3061 1068 3152 ipse
1088 3057 1185 3127 variis

141 3230 305 3298 equorum
322 3206 530 3293 incursibus,
549 3229 684 3275 rursum
704 3203 845 3274 molares
864 3203 939 3274 illos
958 3205 1121 3274 circuitus
1140 3227 1185 3271 re·

141 3351 326 3446 quirebam.

189 3524 317 3592 Verum
343 3522 491 3592 Fortuna
521 3523 601 3588 meis
632 3521 836 3590 cruciatibus
862 3517 1059 3589 insatiabilis
1091 3517 1180 3587 aliam

143 3667 252 3736 denuo
271 3668 352 3736 mihi
371 3682 500 3764 pestem
519 3669 687 3739 instruxit.
700 3668 846 3764 Delegor
859 3671 948 3738 enim
967 3667 1182 3763 ligno‘monte

143 3809 362 3902 devehundo,
389 3838 539 3910 puerque
563 3815 643 3884 mihi
663 3813 840 3908 praelectus
856 3814 1061 3908 imponitur,
1077 3812 1182 3882 omni·

142 3953 207 4024 bus
222 3956 329 4026 modis
348 3955 402 4026 ille
420 3957 555 4052 quidem
576 3983 660 4055 puer
677 3958 885 4029 deterrimus.
902 3960 972 4028 Noc
991 3982 1046 4029 me
1068 3957 1186 4029 montis
