2596 4582
218 313 253 377 74
434 305 799 361 METAMORPHOSEON
822 306 932 362 LIBER
953 308 1014 363 th.

215 447 372 524 etusquc,
393 432 464 498 visa
485 454 543 515 ea,
567 445 603 499 ut
627 447 697 499 erat
719 431 859 499 vinculis
885 447 1024 518 onusta,
1046 448 1209 503 contorta
1228 452 1259 502 ct

217 568 419 659 vituperanti
448 592 526 634 nare
554 567 725 653 discessit3
745 585 795 652 ct,
822 572 900 639 Non
926 594 997 637 sum
1023 569 1161 661 quidem
1189 586 1256 638 tam

215 705 352 787 brutus,
373 703 422 773 vel
442 719 531 772 certe
547 708 762 789 temerarius,
781 708 905 798 inquit,
924 721 961 774 ut
975 709 1094 775 scitum
1108 721 1256 776 vestrum

215 843 401 910 inhibeam:
423 842 480 910 sed
499 839 593 909 malae
606 842 814 911 conscientiae
832 857 960 909 reatum
979 844 1065 909 intra
1084 868 1138 909 me
1154 847 1254 912 susti-

214 981 325 1063 nebo,
345 982 371 1047 si
392 979 482 1072 quod
503 980 628 1048 bonum
647 981 728 1047 mihi
750 979 881 1048 videtur
901 978 1168 1048 dissimulavero.
1190 981 1254 1049 Sed

215 1120 306 1212 prius
341 1117 497 1186 fiduciam
529 1120 627 1184 vestri
662 1142 777 1185 caussa
810 1115 950 1185 sollicito
978 1115 1057 1183 mibi
1091 1117 1252 1204 tribuite,

214 1279 318 1347 quum
338 1257 518 1347 praesertim
538 1256 651 1340 vobis,
668 1257 695 1323 si
716 1256 878 1323 sententia
898 1254 967 1322 haec
985 1277 1056 1320 mea
1075 1253 1252 1347 displicue-

212 1393 277 1478 rit,
297 1391 392 1461 liccat
410 1418 524 1462 rursus
545 1393 585 1461 ad
610 1396 738 1461 asinum
763 1393 879 1460 redire.
907 1394 993 1460 Nam
1019 1415 1080 1485 ego
1107 1392 1252 1460 arbitror

213 1526 376 1613 latrones,
404 1531 526 1622 quique
555 1555 670 1599 eorum
693 1546 781 1599 recte
804 1533 957 1622 sapiunt,
978 1529 1061 1596 nihil
1083 1530 1250 1598 anteferre

213 1663 307 1733 lucro
323 1663 442 1732 debere
460 1690 537 1752 suo,
555 1690 593 1734 ac
613 1691 653 1733 ne
672 1668 775 1758 ipsam
792 1663 925 1757 quidem
946 1690 1029 1757 saepe
1044 1666 1105 1732 sibi
1126 1679 1162 1732 et
1181 1664 1251 1733 aliis

214 1800 405 1870 damnosam
420 1802 590 1872 ultionem.
607 1808 695 1895 Ergo
708 1805 809 1898 igitur
829 1807 855 1870 si
875 1804 1084 1896 perdideritis
1102 1804 1137 1870 in
1158 1806 1250 1872 asino

211 1940 396 2032 virginem,
417 1940 501 2007 nihil
527 1939 668 2034 amplius
681 1965 780 2032 quam
799 1942 869 2007 siue
890 1939 957 2008 ullo
977 1939 1178 2032 compendio
1199 1943 1249 2007 in·

212 2075 439 2169 dignationem
457 2091 597 2144 vestram
612 2077 833 2143 exercueritis.
845 2076 937 2163 Quin
956 2100 1017 2168 ego
1036 2100 1177 2163 censeo,
1194 2076 1250 2143 de·

212 2214 396 2284 ducendam
418 2239 490 2282 eam
510 2214 552 2281 ad
572 2216 762 2307 quampiam
779 2214 969 2298 civitatem,
993 2214 1104 2305 ibique
1120 2239 1246 2283 venun·

211 2352 362 2420 dandam.
393 2355 463 2420 Nec
491 2354 579 2419 enim
608 2350 672 2418 levi
700 2352 806 2443 pretio
839 2349 978 2417 distrahi
1010 2353 1135 2442 poterit
1173 2351 1244 2420 talis

209 2488 352 2556 aetatula.
374 2491 460 2556 Nam
481 2504 512 2555 et
529 2490 598 2580 ipse
614 2487 774 2579 quosdam
796 2485 928 2554 lenones
946 2486 1076 2579 pridem
1097 2489 1243 2582 cognitos

210 2625 335 2708 habeo,
355 2649 498 2716 quorum
519 2624 641 2717 poterit
659 2647 744 2689 uuus
764 2624 892 2715 magnis
911 2624 1065 2714 equidem
1094 2622 1241 2708 talentis,

210 2777 247 2830 ut
266 2762 428 2846 arbitror,
449 2758 591 2853 puellam
611 2761 706 2826 istam
732 2760 925 2852 praestinare
942 2759 1107 2853 condigne
1129 2760 1240 2830 natali·

209 2900 271 2967 bus
296 2900 381 2984 suiS,
410 2899 443 2963 in
468 2897 628 2964 fornicem
660 2920 913 2987 processuram,
949 2921 1008 2964 uec
1043 2900 1077 2964 in
1108 2898 1240 2967 similem

209 3036 321 3129 fugam
341 3034 565 3103 discursuram
581 3060 587 3098 :
609 3032 761 3100 nonnihil
773 3034 885 3118 etiam,
897 3034 1165 3128 quumlupanari
1180 3062 1240 3106 ser·

210 3175 333 3259 vicrit,
360 3172 514 3239 vindictae
544 3169 637 3237 vobis
666 3169 897 3262 depensuram.
930 3175 1024 3240 Hanc
1058 3198 1098 3241 ex
1136 3180 1241 3244 auimo

207 3311 341 3404 quidem
359 3334 433 3377 meo
453 3309 649 3377 sententiam
670 3306 913 3375 conducibilem
934 3310 1086 3402 protuli:
1107 3312 1165 3380 sed
1190 3338 1241 3381 vos

208 3465 395 3519 vostrorum
422 3450 497 3515 ostis
523 3446 736 3514 consiliorum
761 3471 938 3539 rerumque
961 3448 1096 3516 domiui.
1118 3454 1173 3520 Sic
1192 3450 1243 3519 ille

208 3587 374 3656 latronum
401 3586 470 3652 fisci
498 3584 676 3651 advocatus
699 3599 848 3651 nostram
877 3610 1010 3654 causam
1034 3588 1240 3678 pertulerat,

207 3726 342 3816 virginis
359 3740 391 3793 et
412 3725 495 3791 asini
516 3723 693 3814 sospitator
711 3724 875 3813 egregius
