2596 4582
190 311 225 375 dt,
433 307 802 369 METAMORPHOSEON
822 312 936 368 LIBER
958 313 1005 366 vl.

190 435 301 505 cibum
314 435 448 504 beatum
464 435 633 531 amplexa3
650 438 797 507 sedante
815 438 912 531 pedes
923 439 994 531 ejus
1006 435 1151 505 residens
1170 437 1234 505 bu·

193 578 434 663 milis,cibario
453 605 538 675 pane
555 597 722 670 contenta,
736 584 919 651 Venercam
938 579 1077 675 pertulit
1094 578 1235 675 legatio·

194 750 281 793 uem.
293 726 479 818 Statimque
490 741 618 795 secreto
635 726 793 820 repletam
810 724 1068 818 conclusamque
1080 723 1235 818 pyxidem

195 871 348 964 suscipit,
362 885 395 938 et
405 869 515 938 offulae
532 871 697 963 sequentis
712 871 827 939 fraude
841 871 968 939 caninis
984 867 1159 937 latratibus
1176 868 1237 936 ob·

197 1015 330 1095 seratis,
348 1014 547 1108 residuaque
566 1017 685 1083 navitae
704 1015 833 1084 reddita
851 1016 954 1108 stipe,
971 1012 1068 1107 longe
1089 986 1238 1108 vegetior

197 1158 239 1226 ab
259 1158 377 1227 Inferis
404 1159 554 1227 recurrit.
579 1162 621 1226 Et
649 1159 786 1252 repetita
811 1173 910 1250 atque
934 1157 1071 1226 adorata
1096 1156 1238 1224 candida

199 1304 260 1371 ista
279 1301 372 1387 luce,
399 1327 599 1395 quamquam
627 1301 786 1370 festinans
809 1302 1006 1393 obsequium
1032 1301 1240 1386 terminare,

199 1461 310 1515 mente
332 1447 465 1539 rapitur
484 1449 658 1514 temeraria
685 1447 889 1513 curiositate.
918 1450 960 1513 Et
979 1469 1080 1524 ecce,
1100 1446 1210 1537 inquit
1231 1497 1239 1527 ‚

201 1593 312 1681 inepta
329 1613 391 1682 ego
402 1587 522 1656 divinae
537 1587 750 1656 formositatis
765 1587 901 1681 gerula,
920 1612 993 1681 quae
1010 1612 1051 1655 ne
1070 1586 1240 1655 tantillum

201 1733 335 1826 quidem
355 1731 500 1800 indidem
521 1733 602 1802 mihi
624 1730 754 1814 delibo,
780 1731 833 1800 vel
858 1734 904 1802 sic
926 1731 972 1799 illi
997 1734 1137 1800 amatori
1165 1758 1241 1802 meo

202 1878 349 1946 formoso
368 1876 541 1970 placitura.
562 1881 605 1944 Et
625 1902 699 1945 cum
727 1877 818 1945 dicto
838 1892 961 1946 reserat
980 1876 1147 1970 pyxidem.
1171 1878 1242 1945 Nec

203 2020 385 2115 quidquam
401 2021 445 2088 ibi
466 2045 601 2106 rerum,
623 2045 684 2089 nec
703 2021 891 2089 formositas
910 2018 993 2106 ulla,
1014 2022 1070 2090 sed
1090 2021 1241 2091 infernus

204 2190 339 2235 somnus
366 2191 404 2234 ac
431 2190 506 2234 vere
531 2166 679 2259 stygius:
700 2166 756 2258 qui
779 2167 889 2233 statim
919 2165 1119 2260 cooperculo
1148 2192 1242 2235 reva-

204 2310 316 2398 latus‚
337 2309 465 2379 invadit
492 2334 587 2396 cam,
609 2334 783 2402 crassaque
807 2312 934 2403 soporis
963 2309 1092 2415 nebula
1113 2314 1242 2380 cunctis

205 2454 276 2546 ejus
293 2456 451 2522 membris
469 2452 695 2546 perfunditur,
723 2469 756 2522 et
784 2455 816 2521 in
842 2456 914 2547 ipso
940 2455 1079 2548 vestigio
1106 2455 1244 2548 ipsaque

207 2596 322 2664 semita
337 2595 515 2689 collapsam
533 2597 687 2689 possidet.
706 2602 747 2665 Et
762 2599 893 2690 jacebat
907 2597 1103 2686 immobilis,
1115 2598 1243 2668 etnibil

207 2738 295 2807 aliud
312 2764 413 2831 quam
429 2740 596 2809 dormiens
615 2739 761 2807 cadaver.
800 2832 803 2837 Ι

256 3050 320 3118 Sed
339 3050 471 3143 Cupido
483 3051 551 3142 jam
568 3050 718 3118 cicatrice
737 3049 839 3118 solida
858 3049 1076 3136 revalescens,
1098 3076 1158 3121 nec
1172 3052 1246 3120 diu·

210 3199 314 3266 tinam
331 3223 396 3266 suae
412 3184 553 3292 Psyches
574 3198 757 3266 absentiam
779 3197 946 3285 tolerans,
973 3225 1031 3292 per
1049 3201 1245 3271 artissimam

211 3341 376 3430 cubiculi,
396 3368 464 3436 quo
485 3343 719 3430 cohibebatur,
735 3342 864 3436 elapsus
885 3343 1081 3429 fenestram,
1102 3346 1247 3425 refectis·

211 3515 276 3582 que
290 3490 401 3583 pinnis
419 3487 589 3581 aliquanta
608 3490 736 3582 quiete,
756 3488 853 3583 longe
879 3488 1023 3559 velocius
1046 3489 1247 3584 provolans,

212 3634 360 3727 Psychen
382 3633 525 3702 accurrit
544 3656 637 3700 suam
654 3658 661 3698 :
681 3632 875 3725 detersoque
902 3660 1019 3702 somno
1041 3637 1195 3716 curiose,
1218 3650 1248 3704 et

212 3770 345 3845 rursum
367 3779 399 3844 in
422 3778 596 3872 pristinam
614 3775 742 3869 pyxidis
762 3777 870 3877 sedem
888 3777 1077 3865 recondito,
1100 3780 1250 3872 Psychen

214 3920 349 3986 innoxio
367 3919 527 4014 punctulo
549 3945 615 4011 suae
636 3921 761 4013 sagittae
784 3923 929 3990 suscitat.
950 3926 992 3990 Et
1013 3925 1252 4016 ecce,iuquit,
