2596 4582
557 589 907 717 APULEH

275 954 1196 1086 METAMORPHOSEON

541 1313 692 1380 LIBER
727 1310 929 1383 SEXTUS.

677 1642 808 1661 ...ο-

225 1867 392 1994 lnrmusa
412 1920 537 2014 Psyche
554 1921 657 1989 variis
670 1920 858 2012 jactabatur
875 1920 1095 2008 discursibus,
1112 1922 1180 1991 diet
1191 1947 1253 1990 no·

175 2150 187 2167 ·
221 2077 355 2157 ctesque
386 2064 497 2131 mariti
526 2063 797 2158 vestigationibus
829 2063 997 2156 inquieta,
1020 2066 1130 2134 animo
1160 2080 1253 2133 tanto

221 2207 393 2302 cupidior;
414 2208 535 2275 iratum
550 2204 645 2292 licet,
667 2208 778 2274 sinon
799 2207 924 2274 uxoriis
938 2205 1107 2275 blanditiis
1129 2205 1252 2291 lenire,

223 2364 311 2419 certe
321 2347 494 2418 servilibus
507 2350 663 2444 precibus
674 2351 863 2444 propitiare.
875 2355 934 2437 Et,
947 2366 1120 2444 prospecto
1131 2349 1253 2443 templo

223 2491 365 2584 quodam
388 2493 423 2586 in
440 2491 533 2559 ardui
556 2493 677 2559 montis
698 2493 839 2576 vertice,
857 2491 954 2558 Unde
973 2507 1103 2575 autem,
1124 2494 1254 2583 inquit,

223 2640 293 2706 scio
313 2663 355 2706 an
373 2639 447 2706 istic
471 2661 562 2706 meus
580 2636 682 2732 degat
701 2636 878 2704 dominus?
899 2641 942 2704 Et
970 2634 1057 2704 illico
1074 2635 1188 2730 dirigit
1206 2641 1253 2704 ci·

224 2796 329 2849 tatum
347 2805 513 2876 gressum,
531 2805 596 2872 qua
607 2779 770 2848 defectum
786 2806 919 2874 prorsus
934 2781 1072 2849 assiduis
1086 2780 1255 2848 laboribus

187 2946 197 2957 ·
223 2949 295 3017 spes
313 2925 471 2992 incitabat
485 2939 517 2992 et
533 2938 657 2992 votum.
671 2928 808 3017 Jamque
825 2925 975 3016 gnaviter
989 2925 1128 2992 emensis
1140 2921 1255 2991 celsio·

223 3068 314 3136 ribus
334 3068 443 3161 jugis,
469 3066 696 3161 pulvinaribus
717 3092 785 3135 sese
809 3070 994 3160 proximam
1015 3065 1135 3135 intulit.
1155 3067 1254 3135 Videt

224 3213 329 3305 spicas
356 3211 587 3280 frumentarias
613 3213 662 3277 in'
678 3235 816 3296 acervo,
836 3224 868 3276 et
887 3208 966 3277 alias
988 3208 1111 3278 flexiles
1135 3213 1169 3277 in
1195 3236 1254 3277 co·

223 3377 328 3439 rona,
350 3368 383 3420 et
398 3354 502 3446 spicas
516 3352 632 3421 hordei
651 3351 749 3420 videt.
770 3355 875 3420 Erant
895 3367 928 3419 et
957 3350 1072 3439 falces,
1096 3367 1127 3420 et
1147 3377 1256 3445 operae

225 3497 388 3565 messoriae
408 3497 551 3564 mundus
571 3497 697 3581 omnis;
726 3494 781 3562 sed
809 3510 927 3563 cuncta
954 3498 1073 3588 passim
1088 3497 1257 3588 jacentia,

225 3655 258 3707 et
271 3639 399 3706 incuria
415 3638 567 3723 confusa,
584 3652 633 3723 et,
648 3652 686 3705 ut
699 3636 798 3724 solet,
813 3652 891 3708 aestu
909 3637 1131 3706 laborantium
1149 3641 1255 3707 mani·

230 3784 293 3851 bus
317 3783 472 3875 projecta.
497 3786 576 3851 Haec
602 3782 731 3877 singula
754 3783 879 3876 Psyche
902 3782 1029 3851 curiose
1053 3781 1195 3867 dividit,
1224 3800 1258 3851 et

225 3925 390 3995 discretim
411 3940 539 3994 remota
562 3929 625 3995 rite
653 3927 846 4021 componit:
872 3939 941 3994 rata
968 3923 1111 4013 scilicet,
1137 3925 1258 3995 nullius
