2596 4582
127 339 164 405 84
364 333 733 391 METAMORPHOSEON
753 334 866 389 LIBER
886 332 950 389 Vll.

128 461 284 534 asinum?
307 462 432 555 quippe
450 485 555 553 quum
573 459 720 529 viderem
746 460 941 553 largissimae
963 482 1067 527 coenae
1099 458 1183 527 reli-

128 610 218 703 quiis
257 607 449 701 rapinisque
487 630 584 675 canes
620 630 735 674 omnes
775 607 938 674 inescatos
972 618 1073 697 atque
1114 604 1182 673 dis-

129 770 250 824 tentos.

179 1017 260 1083 Post
280 1013 411 1082 unicam
438 1027 571 1082 noctem
601 1028 634 1080 et
660 1011 849 1081 rudimenta
873 1013 1038 1097 Veneris,
1064 1037 1182 1082 recens

131 1172 237 1252 nupta
254 1159 377 1252 gratias
393 1182 539 1226 summas
555 1155 644 1252 apud
673 1181 750 1224 suos
775 1171 929 1249 parentes
950 1180 988 1225 ac
1017 1158 1178 1226 maritum

132 1304 213 1372 mihi
231 1302 421 1372 meminisse
440 1328 509 1371 non
530 1301 683 1388 destitit;
711 1300 824 1395 quoad
851 1326 999 1370 summos
1029 1299 1079 1369 illi
1105 1327 1182 1396 pro·

131 1450 301 1515 mitterent
331 1447 476 1515 honores
507 1445 656 1515 habituri
689 1446 782 1535 mihi.
804 1446 1005 1515 Convocatis
1033 1444 1180 1540 denique

132 1590 343 1682 gravioribus
372 1590 504 1674 amicis,
533 1587 708 1657 consilium
736 1589 847 1677 datur,
872 1614 940 1683 quo
968 1589 1178 1685 potissimum

132 1733 221 1802 facto
238 1733 338 1827 digne
357 1758 600 1802 remunerarer.
620 1732 795 1803 Placuerat
813 1736 891 1821 uni,
914 1732 1006 1801 domi
1025 1758 1080 1802 me
1100 1759 1177 1804 con-
1183 1818 1185 1822 Ι

133 1875 262 1946 clusum
291 1892 324 1944 et
350 1816 512 1962 otiosrim,
533 1876 661 1945 hordeo
682 1875 768 1945 lecto
795 1875 938 1971 fabaque
963 1892 996 1945 et
1020 1878 1107 1947 vicia
1131 1903 1175 1946 sa·

64 2118 67 2125 ¹
133 2023 253 2116 ginari.
272 2023 336 2093 Sed
349 2023 495 2091 obtinuit
512 2021 773 2115 ahus,qu1meae
785 2022 931 2092 libertati
945 2040 1171 2118 prospexerat:

134 2169 297 2256 suadens,
314 2183 352 2235 ut
371 2168 574 2236 rurestribus
591 2167 701 2285 potius
721 2168 846 2260 campis
862 2169 895 2235 in
914 2192 1032 2262 greges
1041 2193 1171 2262 equinos

135 2310 306 2382 lasciviens
335 2312 578 2396 discurrerem,
605 2311 743 2379 daturus
767 2311 910 2381 dominis
939 2330 1103 2447 equarum
1128 2314 1170 2382 in·
1215 2352 1217 2357 ·

137 2482 253 2527 scensu
277 2481 438 2550 generoso
457 2455 579 2524 multas
597 2453 703 2525 mulas
723 2454 884 2524 alumnas
1112 2522 1169 2555 ..a

185 2956 274 3047 Ergo
294 2955 396 3049 igitur
411 2972 550 3028 evocato
565 2960 674 3030 statim
693 2964 895 3031 armentario
912 2963 1089 3057 equisone,
1108 2989 1170 3034 ma⁴

135 3121 201 3190 gna
220 3122 294 3166 cum
316 3101 508 3193 prefatione
525 3104 738 3175 deducendus
758 3110 918 3203 assignor.
942 3113 983 3178 Et
998 3134 1079 3179 saue
1098 3133 1170 3204 gau-

135 3237 217 3309 dens
231 3240 390 3337 laetusque
405 3222 663 3339 praecurrebam‚
678 3253 816 3321 sarcinis
826 3268 859 3320 et
875 3255 994 3322 ceteris
1008 3254 1079 3347 jem
1091 3242 1171 3323 nunc

134 3387 390 3457 renunciaturus
417 3417 424 3456 ε
451 3407 613 3485 nactaque
644 3392 812 3485 libertate,
839 3400 925 3467 veris
952 3401 1049 3468 initio
1077 3401 1172 3496 pratis

134 3527 375 3618 herbantibus,
400 3557 491 3602 rosas
525 3538 638 3629 utique
662 3555 854 3632 reperturus
881 3541 1021 3636 aliquas.
1041 3545 1174 3614 Subibat

133 3694 187 3740 me
196 3696 273 3742 cum
290 3673 345 3742 illa
356 3680 454 3745 etiam
465 3703 607 3772 sequens
618 3684 792 3776 cogitatio:
803 3685 894 3778 qnod
904 3687 1007 3756 tantis
1018 3691 1102 3757 actis
1113 3711 1175 3784 gra·

133 3812 206 3902 tiis,
224 3815 477 3917 honoribusque
496 3822 651 3918 plurimis
668 3829 761 3897 asino
779 3854 855 3898 meo
866 3831 1015 3922 tributis,
1035 3833 1176 3904 humana

97 3972 100 3977 '
133 3957 218 4028 lacie
235 3979 386 4059 recepta,
400 3968 507 4038 multo
519 3987 611 4041 tanto
623 3972 774 4065 pluribus
793 3976 961 4046 beneficiis
975 3977 1176 4050 honestaret.
