2596 4582
218 376 254 413 22
449 360 822 420 METAMORPHOSEON
843 362 956 419 LIBER
976 366 1025 420 vl.

216 483 354 552 Arundo
369 483 506 580 simplex
521 501 555 555 et
568 487 714 556 humana
728 488 874 582 Psychen
890 488 1251 582 aegerrimameatutem

217 653 309 697 suam
330 628 479 699 docebat.
499 631 568 700 Nec
588 629 775 701 auscultatu
796 632 986 726 poenitendo
1006 631 1180 726 diligenter
1199 637 1252 703 in-

218 783 342 839 structa
367 770 423 839 illa
446 773 603 859 cessavit3
622 773 679 842 sed
701 774 881 842 observatis
899 774 1070 859 omnibus,
1088 773 1253 843 furatrina

218 913 322 998 facili,
337 915 486 986 flaventis
500 920 572 985 auri
589 916 727 987 mollitie
743 933 935 1011 congestum
952 920 1113 1012 gremium
1127 921 1253 988 Veneri

217 1074 377 1152 reportat.

268 1445 339 1514 Nec
352 1458 460 1524 tamen
473 1443 562 1539 apud
574 1444 743 1525 dominam
755 1445 870 1516 saltem
883 1446 1016 1517 secundi
1031 1443 1154 1514 laboris
1166 1444 1255 1538 peri-

221 1584 332 1661 culum
352 1587 532 1655 seeundum
547 1588 774 1665 testimonium
797 1590 933 1676 meruit;
950 1587 1007 1656 sed
1022 1587 1185 1656 contortis
1198 1611 1255 1655 su·

221 1732 363 1828 perciliis
376 1733 549 1803 subridens
564 1759 732 1818 amarum,
749 1737 796 1804 sie
810 1735 919 1828 inquit
935 1760 943 1801 τ
961 1737 1032 1805 Nec
1047 1759 1098 1802 me
1113 1733 1256 1826 praeterit

221 1874 322 1975 hujus
345 1900 478 1968 quoque
501 1877 579 1944 faeti
604 1890 721 1945 auctor
745 1875 960 1946 adulterinus.
989 1874 1053 1945 Sed
1073 1878 1145 1969 jam
1169 1900 1255 1944 nunc

222 2044 284 2114 ego
298 2019 412 2096 sedulo
433 2020 664 2117 periclitabor,
679 2046 722 2097 an
739 2021 864 2115 oppido
880 2020 958 2093 forti
974 2021 1086 2089 animo
1109 2017 1254 2114 singula.-

222 2166 317 2259 rique
335 2166 511 2259 prudentia
532 2167 575 2236 sis
593 2168 741 2261 praedita.
761 2167 906 2239 Videsne
925 2168 1129 2237 insistentem
1147 2163 1253 2275 celsis·

223 2313 314 2380 simae
322 2309 380 2380 'illi
396 2314 472 2407 rupi
489 2313 610 2382 montis
628 2312 724 2381 ardui
743 2312 915 2400 verticem,
933 2311 973 2380 de
991 2335 1058 2405 quo
1075 2309 1177 2380 sontis
1194 2309 1252 2378 atri

224 2455 322 2527 suscae
345 2455 497 2538 defluunt
520 2457 635 2543 undae,
660 2457 884 2553 proximaeque
905 2432 1141 2549 conceptaculo
1164 2451 1255 2533 vallis,

224 2596 358 2666 inclusae
374 2600 502 2692 Stygias
518 2601 658 2694 irrigant
674 2597 825 2694 paludes,
842 2613 876 2668 et
890 2623 990 2669 rauca
1004 2599 1119 2691 Cocyti
1134 2597 1254 2666 fluenta

224 2739 398 2816 nutriunt?
420 2740 572 2808 Indidem
592 2741 672 2810 mihi
696 2740 737 2809 de
754 2742 874 2810 summi
894 2741 993 2810 fontis
1015 2742 1127 2836 penita
1150 2757 1254 2811 scatu-

226 2884 332 2978 rigine
352 2909 462 2954 rorem
484 2887 646 2980 rigentem
664 2887 833 2966 hauritum
855 2888 917 2954 ista
939 2886 1111 2954 confestim
1134 2884 1255 2954 deserto

226 3026 357 3096 urnula.
377 3029 431 3096 Sic
448 3029 557 3115 aiens,
576 3027 730 3122 crystallo
748 3026 939 3109 dedolatum
957 3027 1148 3115 vasculum,
1170 3029 1254 3106 insu·

227 3194 285 3263 per
300 3174 331 3241 ei
349 3173 503 3266 graviora
520 3175 736 3260 comminata,
755 3172 900 3250 tradidit,

272 3397 317 3473 At
339 3396 394 3475 illa
417 3396 561 3477 studiose
583 3393 723 3490 gradum
744 3396 913 3475 celerans,
934 3398 1057 3465 montis
1077 3410 1255 3475 extremum

226 3542 308 3635 petit
333 3541 519 3629 tumulum3
542 3556 631 3610 certe
654 3539 704 3610 vel
727 3539 793 3610 illie
816 3543 990 3610 inventura
1015 3543 1089 3609 vitae
1113 3544 1256 3635 pessima

226 3684 336 3759 linem.
352 3682 417 3752 Sed
426 3709 530 3776 quum
541 3685 686 3777 primum
696 3683 843 3777 praedicti
850 3685 924 3778 jugi
936 3684 1158 3753 conterminos
1174 3684 1256 3754 loens

228 3829 373 3926 appulit,
396 3829 485 3906 videt
507 3832 554 3904 rei
573 3845 672 3914 vastae
695 3828 825 3907 letalem
849 3827 1087 3898 difficultatem.
1111 3832 1258 3923 Namque

228 4001 339 4045 saxum
356 3979 493 4048 immani
508 3977 734 4071 magnitudine
749 4002 941 4070 procerum,
955 3992 988 4046 et
1000 3979 1165 4049 inaccessa
1179 3974 1257 4045 sale
