2596 4582
222 362 260 400 ao
456 344 824 403 METAMORPHOSEON
844 345 959 402 LIBER
979 344 1029 399 v1.

222 470 304 539 illud
326 494 459 557 nemus,
481 473 571 564 quod
590 472 691 541 fluvio
711 476 963 566 praeterruenti,
984 472 1131 565 ripisque
1150 470 1262 566 longis

223 616 438 684 attenditur:
465 617 558 710 cujus
586 619 643 685 imi
668 619 813 713 gurgites
839 618 984 686 vicinum
1010 617 1133 685 fontem
1157 618 1263 711 respi-

223 759 338 827 ciunt?
360 763 449 829 Oves
467 760 512 828 ihi
534 760 694 841 nitentes,
714 761 854 852 aurique
877 757 989 828 colore
1012 758 1187 847 florentes,
1209 761 1262 829 iu·

223 903 390 973 custodito
406 918 502 998 pastu
519 918 693 996 vagantur.
713 902 794 972 lude
810 903 851 971 de
867 927 960 971 coma
977 903 1110 997 pretiosi
1130 901 1263 972 velleris

223 1048 362 1117 floccum
379 1049 461 1117 mibi
477 1048 648 1117 confestim
664 1065 798 1142 quoquo
816 1046 915 1117 modo
932 1049 1104 1141 quaesitum
1119 1045 1262 1136 afferas,

223 1218 352 1262 censeo.

271 1644 419 1711 Perrexit
434 1644 559 1738 Psyche
573 1643 740 1731 volenter,
758 1670 824 1712 uon
843 1643 1039 1738 obsequium
1056 1638 1190 1734 quidem
1206 1642 1262 1713 illa

224 1788 395 1873 fuuctura,
410 1788 466 1858 sed
480 1790 627 1882 requiem
639 1788 803 1858 malorum
816 1788 997 1882 praeoipitio
1011 1782 1153 1854 fluvialis
1168 1787 1260 1880 rupis

224 1929 387 1998 habitura.
409 1930 473 1999 Sed
496 1929 572 1999 inde
596 1930 636 1998 de
657 1931 760 1998 fluvio
784 1929 920 1998 Musicae
943 1927 1052 1995 suavis
1076 1924 1260 2011 nutricula,

223 2068 288 2140 leni
311 2075 438 2167 crepitu
462 2070 567 2143 dulcis
588 2100 675 2143 aurae
695 2072 855 2143 divinitus
875 2073 1060 2167 inspirata,¹
1078 2070 1124 2138 sic
1146 2071 1259 2138 vatici·
1286 2112 1291 2121 -

226 2234 324 2286 natur
350 2218 488 2288 Aruudo
516 2218 631 2288 viridis
658 2246 665 2287 :
692 2219 837 2315 Psyche,
864 2217 963 2286 tantis
989 2213 1144 2282 aerumnis
1170 2237 1259 2281 exer·

225 2363 311 2448 cita,
338 2388 443 2456 neque
469 2379 524 2432 tua
551 2365 734 2433 miserrima
760 2376 868 2432 morte
892 2384 980 2431 meas
1004 2373 1134 2427 sanctas
1160 2374 1261 2450 aquas

227 2506 371 2600 polluas,
394 2532 454 2576 nec
479 2534 558 2577 vero
582 2524 699 2577 eontra
725 2505 949 2576 formidabiles
974 2494 1052 2573 oves
1077 2503 1172 2571 istius
1197 2526 1261 2571 ora

227 2650 309 2719 feras
335 2650 610 2743 aditumrquoad
632 2651 673 2718 de
698 2646 776 2719 solis
798 2649 973 2744 flagrantia
996 2659 1155 2715 mutuatae
1174 2644 1261 2714 calo·

225 2820 311 2879 rem,
326 2795 413 2862 truci
428 2795 519 2862 rabie
533 2793 639 2864 solent
653 2795 780 2878 efferri,
796 2819 966 2886 cornuque
979 2806 1091 2878 acuto,
1107 2804 1140 2857 et
1153 2789 1261 2858 fronte

225 2964 339 3023 saxea,
359 2954 392 3006 et
410 2964 663 3033 nonnumquam
686 2941 857 3008 venenatis
880 2938 1045 3006 morsibus
1068 2936 1103 3002 in
1125 2936 1260 3004 exitium

226 3087 339 3154 saevire
369 3084 570 3153 mortalium.
601 3085 666 3154 Sed
695 3082 774 3152 dum
807 3066 958 3151 meridies
992 3080 1068 3150 solis
1102 3079 1261 3149 sedaverit

227 3254 403 3323 vaporem,
424 3243 457 3296 et
476 3253 580 3322 pecua
598 3228 732 3322 spiritus
751 3225 893 3296 fluvialis
911 3227 1087 3296 serenitate
1105 3225 1260 3318 conquie-

227 3374 354 3459 verint,
377 3375 499 3465 poteris
520 3374 581 3441 sub
602 3371 657 3441 illa
680 3373 909 3467 procerissima
930 3370 1081 3464 platano,
1101 3393 1176 3462 quae
1195 3391 1260 3437 me·

227 3544 304 3588 cum
319 3517 417 3586 simul
433 3543 536 3586 uuum
551 3518 711 3586 fluentum
726 3518 827 3604 bibit,
842 3517 983 3620 latenter
995 3530 1029 3584 te
1041 3513 1260 3583 abscondere:

227 3678 274 3752 et,
288 3686 391 3757 quum
400 3662 548 3755 primum
559 3664 708 3758 mitigata
719 3662 805 3730 furia
815 3660 997 3729 laxaverint
1010 3685 1087 3728 oves
1101 3658 1262 3743 animum,

228 3808 394 3900 percussis
411 3804 584 3875 frondibus
601 3805 719 3898 attigui
736 3805 896 3891 nemoris,
913 3802 1063 3872 lanosum
1078 3828 1198 3872 aurum
1213 3825 1261 3871 re·

230 3953 350 4044 peries,
367 3952 457 4045 quod
473 3953 593 4054 passim
612 3949 770 4042 stirpibus
786 3973 971 4017 connexum
990 3949 1198 4019 obbaerescit.
1213 3946 1262 4016 sie
1294 3943 1297 3948 ’
