2596 4582
201 316 219 371 8
433 318 796 375 METAMORPHOSEON
816 318 927 373 LIBER
948 312 998 370 vl.

201 441 374 512 exantlatis
390 442 560 512 laboribus
577 442 754 529 defessam,
771 442 971 510 imminentis
987 437 1128 534 periculi
1147 454 1238 508 metu

119 574 124 581 ¹
203 587 318 661 libera.
336 588 438 676 Quod
458 589 579 674 sciam,
598 586 681 656 soles
701 587 949 682 pregnantibus
971 583 1235 686 periclitantibus

202 732 290 802 ultro
309 733 494 806 subveniret

252 1207 306 1284 Ad
328 1211 426 1292 istum
450 1210 586 1280 modum
610 1211 809 1306 supplicanti
830 1212 942 1280 statim
961 1233 1030 1278 sese
1052 1211 1139 1276 luno
1161 1230 1239 1274 curn

206 1355 307 1421 totius
325 1355 376 1422 sui
395 1356 539 1424 numinis
557 1370 695 1450 augusta
716 1355 877 1449 dignitate
897 1366 1088 1447 praesentat,
1109 1365 1141 1418 et
1159 1373 1239 1442 pru·

207 1499 321 1567 tinus:
346 1500 456 1587 Quam
474 1496 611 1587 vellem,
629 1501 764 1595 inquit,
784 1525 843 1595 per
863 1499 963 1568 fidem
984 1513 1103 1567 nutum
1127 1519 1239 1564 meum

208 1644 361 1736 precibus
396 1645 462 1718 tuis
497 1644 771 1717 accommodare:
797 1643 854 1713 sed
884 1659 1000 1713 contra
1035 1641 1239 1711 voluntatem

204 1789 370 1877 Veneris,
403 1814 508 1859 nurus
533 1815 636 1872 mere,
655 1817 755 1885 quam
776 1791 850 1860 liliae
870 1815 998 1885 semper
1018 1788 1117 1859 dilexi
1137 1788 1240 1871 loco,

206 1946 363 2026 praestare
379 1959 431 2003 me
448 1933 557 2032 pudor
573 1958 639 2002 non
657 1936 743 2008 sinit.
761 1938 856 2003 Tunc
875 1935 973 2003 etiam
994 1912 1148 2028 legibus,
1168 1957 1241 2026 quae

206 2101 320 2145 servus
341 2074 465 2145 alienos
482 2074 657 2177 profugos,
673 2077 785 2145 invitis
802 2075 963 2167 dominis,
979 2090 1094 2144 vetant
1104 2077 1242 2171 suscipi,

206 2217 397 2312 prohibeor.
416 2225 485 2289 Isto
501 2244 633 2313 quoque
653 2224 806 2289 Fortunae
828 2219 1000 2315 naufragio
1018 2218 1143 2312 Psyche
1164 2245 1241 2312 per·

207 2363 344 2450 territa,
367 2388 429 2433 nec
458 2364 611 2457 indipisci
634 2364 703 2457 jam
728 2364 884 2434 maritum
908 2361 1074 2432 volatilem
1101 2363 1219 2456 quiens
1234 2369 1253 2448 ,'

206 2519 277 2572 tota
303 2529 360 2598 spe
386 2504 500 2574 salutls
530 2505 698 2599 deposita,
730 2509 777 2601 sic
816 2508 886 2600 ipsa
922 2531 998 2575 suas
1027 2507 1244 2601 cogitationes

206 2646 376 2716 consuluit
397 2673 404 2715 :
426 2652 499 2717 Jam
519 2672 592 2741 quae
609 2665 748 2743 possunt
771 2650 834 2721 alia
857 2651 938 2719 meis
953 2628 1245 2721 aernmnis'tentari

206 2788 259 2857 vel
289 2788 438 2861 adhiberi
458 2789 621 2877 subsidia,
646 2792 701 2859 cui
725 2815 767 2859 ne
790 2790 926 2867 dearum
956 2791 1108 2884 quidem,
1132 2815 1247 2884 quam-

208 2960 308 3028 quam
332 2935 531 3023 volentium,
561 2951 743 3031 potuerunt
771 2937 926 3030 prodesse
954 2935 1140 3030 suffragia?
1168 2938 1247 3026 Quo

207 3094 343 3149 rursum
357 3081 487 3174 itaque,
505 3082 606 3150 tantis
638 3080 763 3175 laqueis
793 3080 946 3168 inclusa,
969 3081 1146 3175 vestigium
1170 3106 1249 3180 por·

208 3223 338 3317 rigam:
359 3225 546 3317 quibusque
568 3224 662 3294 tectis
680 3223 731 3295 vel
753 3227 853 3295 etiam
873 3227 1018 3300 tenebris
1033 3224 1247 3310 abscondita,

208 3392 336 3463 magnae
355 3371 494 3438 Veneris
515 3371 718 3441 inevitabiles
735 3371 850 3441 oculos
867 3371 1048 3466 effugiam?
1067 3374 1159 3461 Quin
1183 3372 1247 3464 igi-

211 3529 266 3583 tur
281 3511 466 3584 masculum
477 3516 613 3584 tandem
631 3518 732 3585 sumis
751 3519 920 3604 animum,
939 3530 972 3584 et
991 3540 1089 3584 cassae
1108 3514 1249 3610 speculae

209 3661 381 3728 renuntias
396 3658 537 3747 fortiter,
557 3676 590 3729 et
607 3658 793 3728 ultroneam
816 3674 847 3727 te
863 3659 1005 3728 dominae
1032 3675 1097 3728 tuae
1120 3659 1248 3746 reddis,

211 3817 244 3870 et
270 3802 321 3871 vel
342 3829 414 3874 sera
438 3804 599 3874 modestia
619 3805 789 3874 saevientes
813 3805 956 3899 impetus
984 3805 1055 3897 ejus
1085 3803 1249 3900 mitigas?

211 3946 279 4035 Qui
296 3950 377 4017 scias
398 3976 441 4019 an
468 3952 586 4038 etiam,
603 3976 702 4042 quem
720 3951 776 4018 diu
800 3953 974 4044 quaeritas,
997 3950 1065 4020 illic
1088 3953 1123 4020 in
1150 3950 1248 4019 domo
