2596 4582
130 344 168 401 86
365 346 737 405 METAMORPHOSEON
759 349 872 406 LIBER
892 350 956 405 Vll.

179 797 244 867 Sed
260 798 317 866 ubi
330 796 542 892 meprncula
557 798 691 867 civitate
707 800 881 895 gregarius
891 797 948 867 ille
957 799 1173 894 perduxerat,

133 942 232 1012 nullae
252 941 377 1013 deliciae
402 971 440 1014 ac
466 970 508 1013 ne
527 942 596 1014 ulla
612 944 747 1038 quidem
775 943 909 1014 libertas
931 944 1065 1039 excipit.
1092 947 1172 1016 Nem

134 1090 285 1182 protinus
311 1115 395 1158 uxor
420 1091 515 1183 ejus,
540 1114 640 1159 avara
664 1089 799 1183 quidem
829 1088 1102 1183 nequissimaque
1126 1087 1173 1157 illa

132 1234 272 1325 mulier,
298 1235 394 1305 molae
408 1236 620 1305 machinariae
638 1235 818 1329 subjugum
838 1258 891 1302 me
910 1233 1022 1303 dedit:
1040 1233 1173 1303 frondo·

131 1405 234 1475 soque
252 1380 372 1451 baculo
393 1382 533 1452 subinde
550 1382 732 1476 castigans,
752 1406 874 1474 panem
895 1381 958 1450 sihi
980 1380 1121 1475 suisque
1138 1380 1173 1449 de

132 1550 208 1593 meo
228 1526 366 1619 parabat
386 1527 488 1594 corio.
506 1529 578 1596 Nec
595 1540 728 1595 tantum
748 1527 799 1594 sui
817 1527 883 1594 eibi
905 1527 1012 1620 gratia
1029 1548 1085 1593 me
1107 1524 1175 1594 fari-

132 1694 210 1763 gare
233 1684 414 1758 contenta,
439 1672 625 1741 vicinorum
648 1674 748 1740 etiam
772 1671 939 1741 frumenta
965 1671 1175 1740 mercenariis

131 1817 336 1887 discursibus
362 1819 443 1887 meis
470 1820 671 1888 conterebat.
696 1820 768 1888 'Nec
793 1818 876 1886 mihi
906 1818 1029 1887 misero
1057 1831 1176 1886 statuta

131 1960 246 2030 saltem
267 1962 391 2030 cibaria
410 1986 472 2056 pro
489 1964 589 2030 tantis
612 1963 858 2056 praestabantur
872 1959 1056 2031 laboribus.
1077 1963 1176 2032 Nam·

130 2130 196 2198 que
216 2104 378 2174 hordeum
401 2130 511 2174 meum
541 2103 676 2174 frictum
703 2120 735 2173 et
765 2104 825 2173 sub
849 2104 963 2173 eadem
981 2102 1071 2173 mola
1097 2104 1173 2173 meis

130 2265 323 2343 quassatum
362 2250 557 2346 ambagibus
594 2248 721 2318 colonis
756 2251 916 2342 proximis
954 2247 1172 2317 venditabat:

129 2400 210 2467 mibi
224 2424 301 2467 vero
319 2424 378 2492 per
396 2398 485 2467 diem
501 2397 673 2466 laboriosae
688 2399 850 2466 machinae
865 2411 1015 2482 attento,
1035 2398 1174 2490 subipsa

131 2570 267 2640 vespera
284 2544 428 2613 furfures
448 2545 638 2638 apponebat
653 2546 799 2614 incretos
809 2569 847 2612 ac
862 2543 1033 2631 sordidos,
1053 2541 1175 2614 multo·

130 2716 195 2784 que
209 2688 320 2785 lapide
338 2686 538 2758 salebrosos,

178 2859 314 2928 Talibus
337 2860 493 2927 aerumnis
514 2859 697 2928 edomitum
720 2860 814 2928 novis
833 2863 982 2927 Fortuna
1004 2884 1091 2929 saeva
1105 2884 1174 2928 cru·

129 3003 270 3072 ciatibus
291 3001 454 3091 tradidit3
476 2999 620 3089 scilicet,
639 3017 696 3084 ut,
715 3001 804 3095 quod
826 3002 938 3089 aiunt,
965 3002 1058 3071 domi
1082 3002 1173 3071 foris·

130 3146 202 3242 que
224 3113 367 3217 lontibus
403 3146 498 3216 sactis
531 3147 659 3215 adoreae
695 3143 801 3240 plenae
834 3144 1007 3241 gloriarer.
1038 3145 1173 3240 Equinis

101 3318 108 3330 ·
130 3293 289 3362 armentis
309 3317 454 3384 namque
472 3318 526 3362 me
546 3315 748 3387 congregem
766 3305 881 3385 pastor
900 3293 1074 3386 egregius,
1091 3316 1174 3360 man·

129 3438 196 3508 dati
215 3437 375 3507 dominici
395 3462 487 3507 serus
507 3437 732 3521 anscultator,
755 3434 936 3529 aliquando
953 3437 1114 3530 permisit.
1134 3438 1173 3505 m

85 3627 90 3644 ·
129 3611 191 3680 ego
210 3585 346 3654 tandem
361 3583 446 3653 liber
465 3586 597 3672 asinus,
616 3582 710 3653 laetus
728 3599 761 3653 et
775 3582 986 3676 tripudians,
1006 3583 1173 3678 graduque

129 3726 223 3795 molli
244 3728 408 3823 gestiens,
427 3752 528 3820 equas
547 3727 846 3822 opportunissimas
863 3728 932 3821 jam
950 3727 1033 3794 mibi
1054 3751 1173 3796 concu-

129 3871 224 3938 binas
243 3871 373 3941 futuras
392 3870 588 3968 deligebam.
609 3872 676 3942 Sed
696 3873 750 3940 hic
771 3875 872 3940 etiam
888 3896 962 3965 spes
981 3869 1123 3940 hilarior
1143 3873 1174 3941 in

129 4012 268 4108 capitale
286 4019 447 4110 processit
463 4018 610 4086 exitium.
630 4019 742 4086 Mares
764 4017 874 4106 enim,
896 4015 940 4084 ob
957 4015 1177 4087 admissuram
