2596 4582
216 346 253 401 62
432 342 800 400 nurnuoutuostton
820 342 936 399 LIBER
956 340 1019 401 vlt.

215 471 325 556 tione,
345 466 536 536 medullitus
557 469 774 561 ingemeham.
798 467 1003 561 Subibatque
1021 492 1096 555 mc,
1119 470 1243 541 nonde
1285 500 1288 507 ¹

216 610 320 680 nihilo
337 611 453 680 veteris
470 612 651 706 priscaeque
667 609 823 680 doctrinae
839 613 928 681 viros
945 611 1094 700 linxisse,
1112 638 1151 682 ac
1169 640 1242 709 pro·

186 758 190 764 ’
215 759 399 843 nuntiasse,
412 780 531 825 caecant
546 770 579 824 et
593 781 728 850 prorsus
740 755 948 827 exoculatam
961 781 1029 825 esse
1041 760 1242 827 Fortunam:

216 926 288 995 quae
310 923 439 992 semper
462 924 537 969 snas
558 923 637 993 opes
660 897 702 967 ad
726 898 829 969 malos
850 913 883 968 et
904 899 1060 994 indignos
1077 900 1244 988 conferam

218 1069 277 1112 nec
294 1066 451 1136 umquam
467 1041 593 1136 judicio
609 1067 807 1136 quemquam
825 1041 1014 1112 mortalium
1032 1042 1133 1137 eligat
1152 1070 1160 1113 ε
1180 1046 1244 1113 imo

215 1212 295 1257 vero
319 1212 394 1255 cum
421 1186 472 1254 his
496 1186 703 1279 potissimum
727 1186 935 1276 deversetur,
954 1213 1037 1281 quos
1062 1188 1201 1282 procul,
1220 1191 1243 1258 si

217 1331 360 1417 videret,
376 1330 488 1425 fugere
503 1329 637 1398 deberet
653 1356 661 1398 :
677 1330 832 1425 quodque
846 1333 973 1400 cunctis
987 1346 1037 1400 est
1051 1333 1245 1417 extremius,

216 1475 323 1543 varias
346 1474 540 1567 opiniones,
563 1474 665 1541 immo
685 1475 866 1543 contrarias
890 1475 985 1543 nobis
1005 1473 1189 1561 attribuat3
1212 1489 1245 1542 ut

217 1632 249 1685 et
274 1616 379 1685 malus
403 1617 481 1684 boni
505 1618 565 1684 viri
590 1616 673 1684 fama
698 1615 878 1710 glorietur,
903 1632 936 1685 et
959 1618 1245 1686 innocentissimus

216 1776 331 1829 contra
350 1762 523 1829 noxiorum
541 1785 598 1829 ore
616 1759 787 1853 plectatur.
807 1762 877 1852 Ego
895 1756 1054 1853 denique,
1071 1784 1173 1853 quem
1191 1784 1244 1829 sae-

218 1904 368 1972 vissimus
397 1903 467 1996 ejus
496 1903 638 1999 impetus
667 1903 701 1969 iu
727 1902 888 1985 bestiam,
916 1917 948 1970 et
972 1917 1127 1971 extremae
1153 1904 1246 1973 sortis

219 2046 467 2141 quadrupedem
493 2044 693 2128 deduxerat,
715 2047 876 2140 cujusque
902 2070 996 2118 casus
1022 2047 1122 2114 etiam
1147 2047 1245 2116 cuivis
1286 2092 1288 2129 :

219 2191 423 2285 iniquissimo
442 2187 621 2274 dolendus,
643 2203 741 2281 atque
758 2187 966 2258 miserandus
983 2190 1103 2258 merito
1123 2188 1245 2259 videre·

218 2349 296 2421 tur,
324 2333 461 2402 crimine
489 2331 651 2401 latrocinii
682 2331 717 2398 in
745 2330 908 2424 hospitem
934 2329 1015 2399 mihi
1044 2332 1245 2401 carissimum

220 2475 420 2570 postulabar.
436 2474 538 2564 Quod
553 2477 676 2544 crimen
693 2499 760 2543 non
777 2473 876 2543 modo
889 2473 1119 2563 latrocinium,
1136 2498 1244 2545 verum
1286 2510 1288 2543 :

219 2622 317 2688 etiam
336 2619 547 2714 parricidium
567 2623 706 2713 quisque
725 2621 846 2688 rectius
865 2619 1060 2687 nominaret.
1079 2616 1152 2689 Nec
1170 2618 1244 2687 mihi
1285 2674 1288 2731 Ξ

219 2779 328 2832 tamen
345 2762 468 2833 licebat
484 2786 615 2831 causam
633 2786 741 2830 meam
758 2760 948 2849 defendere,
965 2760 1017 2829 vel
1034 2762 1135 2833 unico
1150 2761 1243 2831 verbo
1285 2780 1288 2785 ·

218 2904 330 2974 saltem
349 2905 519 3000 denegare.

267 3244 440 3334 Denique,
464 3265 506 3311 ne
530 3238 616 3309 mala
639 3240 838 3309 conscientia
865 3255 933 3308 tam
955 3239 1094 3311 scelesto
1117 3239 1241 3313 crimini

220 3411 361 3480 praesens
385 3385 513 3453 viderer
536 3384 666 3453 silentio
689 3385 889 3467 consentire;
911 3383 1124 3452 hortantum
1144 3384 1242 3476 irnpe-

217 3531 331 3598 tientia
357 3526 538 3622 productus
566 3524 654 3594 volui
681 3526 809 3614 dicere,
837 3529 912 3596 Non
940 3525 1013 3595 feci.
1042 3529 1084 3595 Et
1110 3526 1241 3597 verbum

124 3759 128 3765 ⁶
219 3675 351 3768 quidem
370 3672 554 3766 praecedens
571 3669 669 3738 semel
686 3695 723 3738 ac
739 3672 856 3765 saepius
873 3670 1047 3740 immodice
1063 3669 1242 3757 clamitari,

221 3841 356 3909 sequens
375 3840 452 3885 vcro
470 3812 563 3884 nullo
584 3828 679 3909 pacto
700 3813 859 3883 disserere
876 3816 987 3908 potui3
1008 3812 1064 3883 sed
1086 3815 1120 3882 in
1142 3815 1243 3907 prima

221 3962 361 4029 remansi
383 3985 478 4046 voce,
496 3973 530 4028 et
546 3958 733 4027 idemtidem
754 3959 867 4044 boavi,
890 3960 982 4045 Non,
1003 3960 1079 4028 Non
1102 3983 1109 4025 :
1129 3982 1243 4051 quam·
