2596 4582
228 342 264 410 78
451 340 819 395 METAMORPHOSEON
841 342 952 396 LIBER
974 342 1035 396 vlt.

226 466 472 533 comminantes.
500 464 595 532 Unde
620 463 809 555 praelectum
829 465 988 558 grandem
1013 467 1172 553 hircum,
1203 491 1260 534 an·

225 634 342 676 nosum
367 623 399 675 et
418 608 662 690 lrorriromem,
694 609 793 674 Marti
820 610 968 675 Secutori
993 609 1188 700 Comitique
1215 611 1260 677 vi·

224 755 372 823 erimant.

272 943 315 1006 Et
338 936 425 1006 illico
443 936 619 1031 prandium
647 937 828 1004 fabricatur
852 939 997 1030 opipare.
1018 941 1114 1005 Tune
1136 937 1260 1030 hospes

223 1080 299 1165 ille,
319 1083 395 1151 Non
422 1078 543 1165 modo,
563 1082 687 1171 inquit,
709 1079 954 1172 expeditionum
980 1079 1258 1172 praedat-umque,

225 1228 454 1295 verumetiam
464 1224 674 1317 voluptatum
686 1240 871 1292 vestrarum
889 1225 1005 1292 ducem
1022 1248 1073 1291 me
1083 1239 1258 1294 strenuum

223 1372 345 1438 sentire
364 1368 496 1436 debetis.
518 1373 560 1436 Et
577 1393 751 1461 aggressus
772 1371 891 1463 insigni
912 1369 1088 1455 facilitate,
1107 1371 1259 1462 guaviter

222 1528 339 1582 cuncta
368 1514 610 1606 praeministrat.
639 1515 778 1599 Verrit,
813 1515 950 1594 sternit,
985 1514 1118 1606 coquit,
1150 1528 1258 1582 tuceta

223 1661 422 1741 concinnat,
442 1659 580 1749 apponit
606 1658 742 1745 scitule,
768 1659 824 1725 sed
846 1660 1012 1753 praecipue
1035 1656 1165 1750 poculis
1189 1684 1258 1728 cre.-

223 1804 290 1869 bris
311 1801 555 1895 grandibusque
574 1802 721 1894 singulos
736 1806 926 1897 ingurgitat.
940 1804 1112 1871 interdum
1128 1819 1256 1887 tamen,

223 1949 255 2011 in
276 1945 483 2013 simulatione
501 1946 673 2038 promendi
703 1972 776 2038 quae
802 1949 957 2040 poscebat
980 1972 1073 2030 usus,
1097 1948 1140 2014 ad
1164 1947 1255 2041 puel-

222 2088 287 2157 lam
312 2090 514 2157 commeabat
533 2090 681 2176 assidue,
699 2105 872 2184 partesque
893 2091 1065 2183 subreptas
1084 2090 1252 2178 clanculo,

222 2251 254 2304 et
271 2250 484 2330 praegustatas
510 2260 529 2300 a
556 2260 589 2302 se
617 2236 767 2327 potiones
791 2233 951 2302 offerebat
977 2232 1101 2301 hilaris.
1127 2239 1173 2303 At
1199 2234 1252 2302 itta

220 2381 371 2447 sumebat
399 2392 611 2471 appetenter:
633 2394 666 2445 et
696 2402 943 2470 nonnumquam
974 2378 1100 2445 basiare
1131 2379 1250 2448 volenti

220 2527 380 2617 promptis
411 2522 542 2591 saviolis
565 2523 809 2590 adlubeseebat.
836 2527 919 2610 Quae
944 2548 995 2589 res
1019 2523 1146 2614 oppido
1173 2524 1246 2591 mihi

219 2667 423 2759 displicebat.
451 2671 534 2734 Hem
563 2666 666 2732 oblita
689 2692 722 2733 es
749 2668 965 2758 nuptiarum,
996 2667 1110 2759 tuique
1148 2667 1244 2734 mutui

220 2814 405 2904 cupitoris,
437 2810 546 2904 puella
577 2811 699 2904 virgo?
726 2815 769 2879 Et
793 2810 856 2897 illi,
888 2814 997 2879 nescio
1028 2815 1102 2896 cui,
1129 2813 1243 2881 recenti

219 2958 360 3041 marito,
382 2980 479 3047 quem
498 2954 556 3020 tibi
577 2970 730 3046 parentes
752 2956 954 3045 junxerant,
983 2956 1073 3024 bunc
1091 2955 1243 3025 advenam

219 3116 460 3191 cruentumque
482 3123 709 3191 percussorem
721 3098 906 3191 praeponis?
919 3101 1032 3167 Necte
1050 3100 1244 3168 conscientia

217 3239 379 3323 stimulat,
399 3240 455 3308 sed
471 3240 644 3309 allectione
660 3239 800 3325 calcata,
821 3244 907 3307 inter
926 3239 1054 3310 lanceas
1072 3257 1103 3309 et
1122 3242 1244 3337 gladios

216 3392 295 3455 istos
315 3388 451 3454 scortari
469 3386 528 3453 tibi
548 3385 648 3453 tibet?
666 3386 757 3471 Quid
779 3388 805 3453 si
825 3409 892 3476 quo
912 3385 1011 3453 modo
1030 3391 1131 3455 ceteri
1153 3389 1245 3457 latro

215 3556 271 3598 nes
288 3531 528 3623 persenserint,
555 3555 622 3596 non
647 3554 776 3598 rursum
797 3554 949 3597 recurres
976 3529 1017 3597 ad
1041 3533 1194 3619 asinum,
1216 3548 1246 3600 et

217 3701 348 3744 rursum
370 3677 508 3744 exitium
527 3676 607 3742 milii
630 3674 778 3766 parabis?
798 3677 925 3743 Revera
953 3673 1039 3742 ludis
1065 3675 1106 3743 de
1141 3676 1246 3746 alieno

214 3822 314 3887 corio.
