2596 4582
200 340 237 395 to
286 384 288 390 ,
437 333 808 391 ΜΕΤΑΜΟΒΡἩΟὸΕΟΝ
830 335 943 390 LIBER
963 337 1014 390 vt.

249 454 319 522 Nec
343 479 459 538 mora,
482 482 587 549 quum
604 482 697 526 coena
715 457 872 553 nuptialis
889 458 1028 527 allluens
1052 453 1237 527 exhibetur.

202 598 426 670 Accumbcbat
446 627 611 673 summum
631 617 740 671 torum
763 604 922 689 maritus,
943 602 1093 696 Psychen
1113 603 1241 696 gremio

202 769 262 814 suo
288 745 488 841 complexus.
520 749 574 818 Sic
604 763 637 817 et
666 773 743 851 cum
772 773 832 817 sua
860 753 990 817 Junone
1020 747 1173 847 Jupiter,
1203 771 1242 827 ac

204 891 323 962 deinde
347 919 407 988 per
436 894 585 964 ordinem
609 896 670 963 toti
693 894 755 962 dci.
782 898 876 964 Tunc
898 893 1054 987 poculum
1080 894 1240 980 nectaris,

204 1037 294 1130 quod
318 1041 430 1110 vinum
452 1040 590 1110 deorum
612 1056 681 1128 cst,
704 1044 778 1110 lovi
801 1038 937 1134 quidem
962 1064 1040 1108 suus
1067 1036 1244 1131 pocillator

204 1179 260 1251 ille
281 1183 424 1251 rusticus
442 1208 541 1278 puer,
562 1183 678 1252 ceteris
695 1208 776 1252 vero
793 1183 896 1252 Liber
912 1181 1131 1249 ministrabat.
1158 1180 1243 1249 Vul-

205 1351 308 1395 canus
329 1351 458 1421 coenam
481 1328 669 1421 coquebat:
690 1331 787 1396 Horae
811 1328 893 1396 rosis
916 1340 950 1395 et
971 1325 1088 1394 ceteris
1107 1324 1244 1395 lloribus

206 1472 436 1565 purpurabant
450 1472 562 1540 omnia
578 1497 586 1538 ε
600 1472 725 1541 Gratiae
740 1472 939 1566 spargebant
954 1469 1099 1560 balsama
1114 1494 1122 1537 :
1138 1473 1246 1539 Musa

183 1633 186 1638 ·
207 1641 287 1686 voce
305 1641 427 1685 canora
442 1619 676 1712 personabant.
696 1615 815 1711 Apollo
832 1618 978 1686 cantavit
995 1615 1039 1685 ad
1053 1616 1218 1684 citharam
1236 1641 1243 1682 ε

206 1763 321 1829 Venus
342 1763 435 1829 suavi
460 1763 592 1830 musicae
616 1763 754 1856 suppari
778 1785 891 1857 gressu
914 1761 1058 1829 formosa
1082 1757 1243 1828 saltavit:

208 1929 305 1973 scena
333 1906 395 1972 sibi
423 1908 470 1975 sic
499 1907 716 1993 concinnata,
743 1921 781 1974 ut
809 1909 914 1975 Musae
942 1903 1075 1998 quidem
1104 1903 1244 1972 chorum

207 2065 381 2135 canerent,
403 2051 500 2119 tibias
522 2050 652 2120 inflaret
674 2053 829 2144 Satyrus,
850 2065 882 2119 et
903 2050 1059 2118 Paniscus
1082 2048 1125 2117 ad
1150 2047 1244 2118 listu-

207 2191 274 2259 lam
292 2191 423 2261 diceret.
447 2193 502 2262 Sic
522 2194 585 2261 rite
606 2195 730 2287 Psyche
752 2193 905 2261 convenit
925 2193 960 2260 in
983 2216 1118 2260 manum
1142 2191 1245 2284 Cupi·

103 2376 106 2387 ·
206 2337 292 2406 dinis
307 2364 314 2406 :
331 2353 365 2406 et
381 2339 529 2408 nascitur
546 2337 611 2407 illis
634 2354 764 2408 maturo
780 2354 877 2435 partu
897 2337 977 2426 lilia,
993 2361 1092 2431 quarn
1111 2313 1242 2439 llolup-

207 2496 308 2557 tatem
335 2484 555 2552 nominamus.
585 2484 639 2552 Sic
660 2483 797 2577 captivae
819 2480 936 2576 puellae
960 2479 1065 2550 delira
1083 2495 1116 2548 et
1138 2495 1243 2549 temu-

209 2625 298 2695 lenta
311 2625 367 2695 illa
389 2627 543 2695 narrabat
561 2626 701 2696 anicula.
722 2627 787 2698 Sed
805 2626 939 2696 adstans
958 2652 1020 2723 ego
1040 2651 1106 2695 non
1123 2623 1239 2720 procul

151 2783 157 2795 ‘
206 2771 359 2840 dolebam
378 2771 595 2858 mehercules,
614 2746 893 2869 quodpugillares
911 2789 943 2840 et
962 2771 1074 2841 stilum
1095 2775 1165 2841 nou
1183 2771 1240 2840 lra-

89 2992 92 2996 ,
206 2918 342 3005 bebam,
361 2919 418 3012 qui
437 2934 506 2988 tam
527 2918 644 2988 bellam
662 2917 816 2988 fabellam
834 2934 1064 3012 praenotarem.
1159 3000 1165 3009 '

256 3089 361 3171 Ecce,
390 3085 541 3155 confecto
570 3088 681 3155 nescio
712 3110 780 3179 quo
809 3087 901 3179 gravi
927 3083 1066 3178 proelio,
1098 3083 1242 3153 latrones

206 3231 387 3299 adveniunt
403 3234 514 3300 onusti
534 3258 541 3299 :
562 3230 715 3301 nonnulli
734 3246 862 3317 tamen,
881 3232 981 3298 immo
999 3217 1243 3325 promptiores,

207 3373 386 3443 vulneratis
404 3374 493 3443 domi
512 3370 654 3463 relictis,
673 3389 704 3442 et
722 3374 835 3468 plagas
853 3374 1100 3461 recurantihus,
1118 3342 1181 3466 ipsi
1203 3371 1243 3441 ad

204 3518 346 3612 reliquas
362 3518 543 3587 occultatas
560 3521 593 3587 in
613 3517 756 3611 quadam
774 3517 928 3610 spelunca
946 3517 1107 3599 sarcinas,
1125 3532 1161 3584 ut
1177 3518 1243 3584 aic-

204 3665 304 3748 bant,
332 3664 493 3758 proficisci
523 3665 677 3759 gestiunt.
706 3634 916 3756 Prandioque
944 3664 1064 3758 raptim
1098 3663 1244 3731 tuburci-

206 3823 300 3894 uato,
317 3834 368 3878 me
385 3825 417 3878 et
432 3833 554 3907 equum
571 3822 719 3877 vectores
741 3833 850 3875 rorum
873 3806 1005 3876 illarum
1024 3806 1159 3911 futuros·
1176 3808 1242 3876 fus·

205 3953 291 4020 tibus
312 3953 430 4021 exinde
456 3954 650 4038 tundentes,
673 3951 839 4044 prodeunt
866 3953 898 4019 in
927 3952 1012 4019 viam
1036 3977 1043 4019 :
1066 3951 1244 4044 multisque
