2596 4582
129 340 165 395 tn
352 339 718 394 METAMORPHOSEON
739 340 851 394 LIBER
872 339 938 394 vn.

129 492 189 559 pro
216 464 301 534 virili
326 481 437 560 parte,
460 490 501 534 ne
519 468 671 558 praesenti
697 468 847 560 negotio,
873 480 910 534 ut
929 463 1071 550 alienus,
1092 462 1164 531 dis·

128 633 318 703 creparem,
339 610 499 701 porrectis
515 608 668 691 auribus,
687 606 901 703 proflatisque
920 607 1077 688 naribus,
1101 631 1161 674 ru·

128 752 196 820 divi
213 753 356 839 fortiter3
375 754 475 820 immo
492 751 621 818 tonanti
641 750 785 820 clamore
804 753 972 846 personui.

177 1132 219 1197 Et
246 1124 335 1194 illam
360 1125 504 1194 thalamo
536 1140 698 1216 receptam
727 1125 899 1193 commode
929 1139 1081 1219 parentes
1112 1126 1158 1192 sui

130 1271 285 1339 fovebant
304 1295 311 1334 :
329 1292 381 1335 me
399 1293 476 1335 vero
494 1293 569 1335 cum
587 1269 715 1362 ingenti
728 1269 956 1360 jumentorum
970 1268 1159 1360 civiumque

71 1414 75 1420 ’
128 1411 361 1497 multitudine,
387 1409 558 1478 confestim
587 1425 676 1478 retro
697 1409 906 1504 Tlepolemus
929 1410 1069 1504 agebat,
1095 1434 1158 1478 noo

128 1558 279 1624 invitum.
295 1557 383 1624 Nam
402 1569 433 1620 et
448 1553 528 1621 alias
543 1555 714 1639 curiosus,
730 1570 763 1621 et
777 1570 857 1622 tunc
874 1552 1043 1622 latronum
1055 1555 1155 1649 capti·

131 1700 241 1769 vitatis
259 1711 424 1788 spectator
442 1696 597 1790 optabam
617 1696 687 1765 fieri
708 1723 715 1765 :
734 1723 817 1790 quos
836 1697 968 1789 quidem
989 1695 1157 1792 colligatos

128 1844 236 1912 adbuc
255 1845 332 1910 vino
353 1844 457 1936 magis
475 1866 576 1932 quam
595 1839 734 1909 vinculis
754 1840 1042 1947 deprehendimus.
1070 1844 1156 1911 Totis

129 2011 208 2080 ergo
231 1985 367 2081 prolatis
394 1987 561 2076 erutisque
585 1985 697 2067 rebus,
723 2000 756 2052 et
781 1986 875 2053 nobis
900 2010 981 2053 auro
1005 2001 1156 2080 argento·

130 2155 193 2220 que
216 2144 250 2197 et
275 2129 389 2197 ceteris
421 2128 571 2210 onustis,
597 2129 686 2220 ipsos
716 2131 836 2221 partim
866 2130 1085 2219 constrictos,
1112 2130 1155 2198 uti

130 2272 277 2357 fuerant,
296 2272 572 2366 provolutosque,
589 2272 621 2339 in
640 2275 805 2365 proximas
822 2276 958 2367 rupinas
974 2277 1153 2371 praecipites

131 2418 268 2504 dedere;
293 2417 373 2485 alios
398 2441 478 2483 vero
506 2417 573 2483 suis
606 2417 666 2484 sibi
683 2416 810 2509 'gladiis
841 2405 1057 2488 obtruncatos
1086 2420 1155 2490 reli-

128 2586 239 2653 quere.
270 2537 343 2628 Tali
371 2559 515 2626 vindicta
543 2559 608 2626 laeti
632 2577 665 2626 et
697 2560 894 2653 gaudentes,
920 2563 1088 2633 civitatem
1110 2589 1156 2631 re·

130 2706 290 2773 venimus.

179 3083 220 3148 Et
235 3079 305 3148 illas
324 3079 455 3172 quidem
472 3081 602 3149 divitias
619 3080 747 3174 publica
762 3083 932 3151 custodela
946 3088 1154 3170 commisere,

128 3224 318 3318 Tlepolemo
338 3226 478 3319 puellam
506 3230 677 3320 repetitam
698 3228 768 3322 lege
791 3230 962 3300 tradidere.
982 3206 1154 3319 Erinnae,

130 3395 226 3438 suum
245 3372 474 3464 sospitatorem
493 3387 738 3465 nuncupatum,
757 3388 909 3457 matrona
927 3357 1054 3472 prolixe
1072 3379 1156 3446 curi·

130 3517 220 3582 tabat
238 3541 245 3582 :
262 3517 398 3606 ipsoque
417 3517 606 3607 nuptiarum
625 3516 677 3584 die
694 3521 891 3612 praesepium
906 3482 1015 3588 meunt
1032 3522 1155 3592 hordeo
1195 3584 1198 3591 .

131 3662 250 3750 passim
271 3656 389 3751 repleri
410 3660 524 3751 jubet,
545 3660 736 3754 foenumque
746 3662 881 3753 'camelo
904 3665 1068 3734 Bactrinae
1091 3664 1156 3735 sul'·

131 3801 240 3869 ficiens
265 3805 397 3896 apponi.
423 3804 486 3872 Sed
514 3831 595 3898 quas
626 3832 686 3900 ego
720 3807 902 3902 condignas
934 3811 1044 3878 Fotidi
1073 3813 1157 3881 diras

128 3942 318 4014 devotiones
336 3950 509 4041 imprecer,
529 3976 602 4044 quae
620 3977 673 4019 me
693 3951 848 4022 formavit
867 3979 935 4022 non
953 3979 1086 4048 canem,
1102 3957 1158 4028 sed
