2596 4582
211 342 249 397 80
438 338 801 394 METAMORPHOSEON
822 341 936 400 LIBER
957 342 1022 397 Vll.

260 754 351 820 Dum
379 753 439 820 ista
467 753 671 846 sycophanta
697 778 759 846 ego
783 777 914 821 mecum
941 755 1085 822 maxima
1104 777 1185 823 cum
1205 755 1255 822 in-

211 894 404 988 dignatione
421 893 573 987 disput03
594 894 636 963 de
653 896 762 964 verbis
782 920 898 964 eorum
911 895 1112 989 quibusdam
1123 896 1256 979 dubiis,

212 1036 269 1106 sed
295 1061 361 1105 non
380 1036 530 1105 obscuris
551 1036 705 1131 prudenti
728 1040 841 1123 asino,
862 1052 1052 1131 cognosco,
1080 1061 1151 1106 non
1179 1042 1254 1108 Hae-

214 1205 307 1249 mum
320 1178 415 1248 illum
433 1179 620 1273 praedonem
637 1179 819 1267 famosum,
840 1180 896 1249 sed
912 1178 1145 1277 Tlepolemum
1161 1206 1255 1276 spon-

216 1348 289 1393 sum
307 1320 425 1420 puellae
435 1324 549 1418 ipsius.
566 1326 650 1394 Nam
663 1322 863 1418 procedente
879 1347 1052 1411 sermone,
1068 1323 1172 1416 paulo
1186 1326 1253 1418 jam

216 1469 354 1557 clarius,
364 1485 529 1539 contemta
541 1494 614 1538 mea
627 1471 817 1563 praesentia,
827 1471 922 1562 quasi
931 1471 1001 1562 jam
1009 1471 1153 1556 mortui,
1162 1474 1254 1541 Bono

217 1613 328 1681 animo
347 1626 436 1699 esto,
456 1613 585 1704 inquit,
607 1611 742 1680 Charite
757 1609 956 1679 dulcissima.
968 1613 1056 1681 Nam
1072 1626 1163 1682 totos
1177 1615 1253 1682 istos

217 1769 292 1823 tuos
315 1755 425 1822 hostes
446 1754 558 1822 statim
578 1755 725 1847 captivos
745 1755 893 1823 habebis.
918 1758 962 1824 Et
987 1755 1149 1825 instantia
1173 1755 1251 1825 vali·

218 1895 311 1964 dioro
332 1897 444 1964 vinum
472 1897 541 1989 jam
569 1897 777 1981 immistum,
807 1896 863 1964 sed
894 1896 1025 1966 modico
1055 1897 1249 1991 tepefactum
1290 1922 1292 1931 ·

217 2064 365 2134 vapore,
395 2041 513 2110 sauciis
533 2037 598 2108 illis
618 2055 651 2107 et
671 2038 809 2133 crapula
828 2039 1073 2134 vinolentiaque
1094 2042 1247 2121 madidis,

220 2187 289 2279 ipse
316 2186 493 2254 abstemius
525 2211 592 2253 non
627 2200 729 2253 cessat
762 2187 954 2279 impingere.
981 2189 1045 2273 Et,
1079 2185 1245 2269 hercules,

220 2330 438 2423 suspicionem
460 2330 543 2398 mihi
560 2328 637 2398 fecit
657 2330 748 2424 quasi
766 2329 985 2424 soporiferum
1008 2330 1177 2423 quoddam
1196 2330 1243 2398 v'e·

221 2497 345 2541 nenum
360 2475 526 2542 cantharis
547 2475 748 2543 immisceret
768 2473 844 2543 illis.

271 2709 385 2793 Quum
406 2705 547 2801 denique
566 2731 702 2791 omnes,
722 2708 778 2776 sed
800 2733 934 2801 prorsus
954 2735 1088 2798 omnes,
1109 2712 1185 2779 vino
1199 2732 1240 2776 se·

222 2850 306 2944 pulti
322 2850 494 2943 jacebant,
522 2853 627 2944 parati
646 2853 769 2935 morti,
793 2868 873 2921 tunc
894 2851 987 2922 nullo
1004 2854 1141 2947 negotio
1159 2852 1241 2922 artis·

223 2994 313 3064 simis
332 2993 471 3063 vinculis
489 2994 677 3088 impeditis,
702 3021 741 3063 ac
756 3021 817 3089 pro
837 2996 974 3064 arbitrio
995 3021 1055 3065 suo
1071 2994 1242 3066 constrictis

220 3135 306 3224 illis,
340 3137 495 3231 imposita
528 3137 627 3206 dorso
655 3163 729 3206 meo
758 3136 864 3232 puella
894 3139 1008 3232 dirigit
1037 3165 1185 3234 gressum
1209 3134 1241 3205 ad

220 3306 311 3350 suam
330 3281 482 3374 patriam.
503 3282 612 3369 Quam
634 3281 732 3349 simul
751 3284 965 3369 accessimus,
986 3298 1055 3350 tota
1078 3283 1194 3351 civitas
1208 3278 1240 3348 ad

221 3428 371 3496 votivum
393 3441 606 3518 conspectum
632 3424 825 3494 effunditur.
846 3430 1055 3495 Procurrunt
1081 3440 1243 3518 parentes,

221 3570 351 3656 affines,
371 3567 527 3652 clientes,
549 3566 698 3652 alumni,
720 3569 853 3656 famuli,
885 3568 948 3638 laeti
973 3569 1111 3655 faciem,
1136 3568 1245 3665 gaudio
1265 3564 1270 3589 '

219 3713 369 3782 delibuti.
379 3716 538 3805 Pompam
555 3736 705 3780 cerneres
722 3714 829 3780 omnis
846 3738 943 3782 sexus
963 3728 996 3780 et
1012 3714 1122 3781 omnis
1136 3714 1245 3792 aetatis,

219 3883 406 3950 novumque
426 3873 478 3941 et,
497 3855 674 3941 Hercules,
697 3858 947 3926 memorandum
966 3871 1175 3951 spectamen,
1193 3858 1246 3925 vir·

220 4002 330 4097 ginern
347 4003 438 4068 asino
460 4002 729 4095 triumphantem.
749 4002 895 4094 Denique
914 4003 983 4097 ipse
1002 4003 1103 4070 etiarn
1121 3999 1248 4071 hilarior
1290 4006 1292 4011 '
