2596 4582
131 326 164 362 ro
364 310 730 368 METAMORPHOSEON
751 315 861 370 LIBER
881 316 930 370 Vl.

128 437 243 504 matris
264 436 427 531 reperias?
445 438 499 505 Sic
523 437 564 505 ad
585 437 722 507 dubium
744 441 961 534 obsequium,
991 444 1092 513 immo
1119 447 1161 513 ad

127 597 255 649 certum
283 581 417 650 exitium
440 596 640 676 praeparata,
673 584 874 679 principium
903 585 1022 657 futurae
1048 614 1160 659 secum

129 706 350 795 meditabatur
374 726 618 796 obsecrationis.

178 876 221 940 At
253 877 365 941 Venus
395 875 532 943 terrenis
560 875 712 944 remediis
745 877 968 970 inquisitionis
999 878 1163 966 abnuens,

129 1016 246 1085 coelum
266 1019 358 1112 petit.
373 1019 471 1087 Jubet
487 1020 634 1089 construi
651 1044 803 1107 currum,
826 1044 926 1113 quem
943 1023 972 1089 ei
991 1021 1163 1092 Vulcanus

131 1161 257 1230 aurifex
275 1162 388 1231 subtili
410 1163 534 1231 fabrica
563 1162 709 1233 studiose
734 1162 921 1258 poliverat,
946 1180 978 1232 et
998 1182 1075 1235 ante
1090 1169 1163 1236 tha·

130 1306 209 1376 lami
230 1307 456 1376 rudimentum
478 1307 628 1402 nuptiale
653 1333 773 1376 munus
801 1307 984 1392 obtulerat,
1009 1309 1096 1379 limae
1116 1327 1163 1380 te-

130 1454 262 1520 nuantis
287 1451 484 1520 detrimento
507 1453 745 1546 conspicuum,
771 1468 804 1520 et
827 1453 930 1546 ipsius
952 1457 1025 1521 auri
1041 1454 1165 1524 damno

131 1595 321 1688 pretiosum.
348 1599 398 1664 De
423 1595 556 1681 multis,
584 1621 658 1689 quta
685 1598 773 1666 circa
805 1596 996 1665 cubiculum
1017 1596 1166 1699 ¹‹lominae

130 1739 321 1826 stabulant,
341 1739 526 1834 procedunt
544 1755 688 1833 quatuor
704 1740 851 1809 candidae
867 1739 1047 1823 columbae,
1068 1757 1101 1809 et
1115 1745 1165 1812 hi·

132 1883 208 1953 laris
220 1886 399 1963 incessibus
414 1890 503 1978 picta
516 1884 602 1953 colla
619 1899 830 1977 torquentes,
839 1888 958 1980 jugum
978 1913 1165 1980 gemmeum

131 2031 295 2099 subeunt:
317 2044 533 2124 susceptaque
560 2030 693 2099 domina
714 2029 794 2098 laetae
812 2029 999 2098 subvolant.
1019 2035 1166 2100 Currum

129 2174 197 2243 deae
215 2190 450 2268 prosequentes
475 2175 615 2268 gannitu
637 2175 861 2266 constrepenti
891 2173 1066 2242 lasciviunt
1088 2199 1164 2268 pas-

132 2343 238 2387 seres:
256 2333 289 2386 et
305 2333 520 2412 cetcrae,quae
539 2316 634 2386 dulce
649 2320 811 2387 cantitant
830 2343 928 2405 aves,
949 2317 1076 2386 melleis
1093 2344 1166 2386 mc·

132 2459 219 2529 dulis
236 2486 336 2529 suave
354 2477 562 2546 resonantes,
577 2461 757 2529 adventum
774 2460 842 2527 deae
853 2460 1091 2553 praenunciant„
1105 2464 1167 2529 Ce-

135 2603 219 2671 dunt
240 2605 363 2690 nubes,
383 2619 415 2671 et
436 2603 554 2672 coelum
570 2603 646 2672 liliae
665 2589 837 2696 panditur}
857 2618 889 2671 et
907 2628 1056 2672 summus
1066 2604 1168 2671 aether

134 2771 208 2815 cum
230 2748 350 2842 gaudio
371 2749 511 2840 suscipit
525 2747 631 2815 deam.
645 2749 715 2815 Nec
730 2746 843 2814 obvias
862 2745 1006 2838 aquilas,
1022 2745 1072 2815 vel
1081 2749 1168 2816 acci-

135 2893 238 2984 pitres
252 2916 387 2984 rapaces
398 2893 602 2985 pertimescit
613 2916 741 2986 magnae
748 2892 886 2959 Veneris
901 2915 1023 2960 canora
1031 2889 1167 2961 familia.

170 3385 280 3450 'Tunc
306 3409 340 3450 se
369 3384 520 3478 protinus
543 3382 586 3451 ad
610 3383 716 3474 regias
738 3382 828 3450 lovis
857 3405 949 3449 arces
974 3378 1110 3471 dirigit,
1138 3391 1171 3444 et

136 3529 243 3620 petitu
256 3528 400 3619 superbo
415 3527 594 3613 Mercurii,
608 3525 660 3592 dei
673 3524 812 3611 vocalis,
826 3549 934 3617 operae
950 3520 1170 3589 necessariam

136 3694 271 3738 usuram
281 3666 436 3762 postulat.
454 3671 522 3739 Nec
541 3668 653 3735 renuit
666 3668 755 3735 lovis
774 3665 932 3734 caerulum
944 3660 1170 3756 supercilium.

136 3818 230 3882 Tunc
251 3839 353 3882 ovans
380 3809 477 3896 ilico,
503 3813 681 3883 comitante
708 3813 807 3881 etiam
836 3810 1025 3895 Mercurio,
1053 3811 1171 3875 Venus

135 3961 217 4032 coelo
238 3961 387 4048 demeat,
406 3962 501 4053 eique
518 3959 655 4029 sollicite
673 3961 751 4028 serit
768 3959 867 4028 verba
886 3983 894 4024 ε
918 3961 1030 4025 Frater
1048 3959 1171 4036 Arcas,
