2572 4584
121 334 161 392 88
359 329 724 389 METAMORPHOSEON
744 329 858 387 LIBER
878 330 945 387 vll.

124 465 289 532 Venerem
306 462 393 555 pasti
412 461 574 529 satianter
593 485 633 528 ao
652 458 710 527 diu
728 459 867 554 saginati
880 428 1074 546 ‚terribiles
1089 460 1161 530 alio·

125 607 226 701 quin,
245 620 279 674 et
296 606 411 699 utique
432 606 552 698 quovis
568 605 663 673 asino
681 603 852 692 fortiores,
865 604 906 672 de
921 630 974 674 me
984 620 1161 677 metuentes

126 749 210 835 sibi,
245 745 411 817 adulterio
440 747 596 843 degeneri
627 763 883 843 praecaventes„
899 774 961 819 nec
990 749 1160 846 Hospitalis

126 895 216 964 Jovis
236 908 369 962 servato
388 893 530 982 foedere,
560 892 699 963 rivalem
724 919 856 963 summo
887 895 1036 965 furentes
1062 920 1158 992 perse·

128 1052 279 1134 quuntur
296 1038 385 1107 odio.

180 1612 244 1678 Hic
262 1609 355 1678 elatis
372 1612 406 1677 in
428 1609 533 1679 altum
551 1611 653 1678 vastis
670 1609 861 1703 pectoribus
879 1660 889 1696 ,
909 1606 1035 1676 arduus
1050 1599 1153 1700 capite,

131 1769 164 1823 et
181 1752 331 1824 sublimis
341 1757 479 1840 vertice,
495 1754 698 1847 primoribus
714 1755 748 1821 in
766 1779 818 1822 me
834 1742 1154 1847 pugillatu1·ungulis;

132 1897 189 1968 ille
211 1915 303 1992 terga
328 1897 477 1994 pulposis
503 1896 620 1968 torulis
646 1900 744 1967 obesa
767 1913 980 1983 convertens,
1003 1891 1156 1990 postremis

134 2047 293 2116 velitatur
306 2046 451 2115 calcibus
468 2072 477 2134 ;
505 2047 589 2115 alius
607 2047 744 2115 hinnitu
762 2045 911 2140 maligno
932 2047 1156 2124 comminatus,

133 2191 288 2261 remulsis
318 2193 482 2279 auribus,
511 2193 730 2285 dentiumque
763 2190 979 2261 candentium
1010 2185 1159 2258 renudatis

133 2338 256 2425 hastis,
282 2353 391 2407 totum
412 2362 465 2406 me
486 2337 730 2407 commorsicat.
758 2337 813 2405 Sic
838 2334 928 2430 apud
948 2326 1161 2404 historiando

133 2506 213 2576 rege
226 2484 373 2552 Thracio
395 2483 561 2577 legeram,
575 2485 633 2575 qui
650 2484 789 2552 miseros
805 2482 951 2578 hospites
965 2481 1084 2550 ferinis
1089 2474 1164 2572 equit

135 2628 204 2694 suis
224 2624 417 2696 lacerandos
439 2625 719 2719 devorandosque
742 2626 945 2721 porrigebat.
975 2626 1069 2695 Adeo
1093 2644 1164 2719 prc-

135 2785 254 2865 potens
276 2769 331 2840 ille
349 2785 511 2868 tyrannus
530 2772 576 2840 sic
595 2795 714 2863 parcus
731 2771 848 2840 hordei
870 2769 955 2857 fuit,
976 2784 1013 2838 ut
1030 2769 1168 2838 edacium

134 2913 367 3006 jumentorum
395 2915 517 2984 famem
542 2940 722 3010 corporum
752 2916 977 2983 humanorum
1005 2912 1173 3008 largitione

139 3058 281 3128 sedaret.
303 3059 356 3128 Ad
380 3059 535 3128 eumdem
561 3059 699 3128 modum
730 3058 908 3128 distraetus
933 3073 966 3127 et
991 3061 1063 3152 ipse
1084 3056 1180 3127 variis

136 3230 300 3299 equorum
318 3205 525 3292 incursibus,
545 3229 679 3275 rursum
699 3204 841 3273 molares
860 3203 934 3274 illos
953 3205 1117 3274 circuitus
1136 3226 1180 3273 re·

137 3351 321 3447 quirebam.

185 3524 312 3593 Verum
338 3522 487 3592 Fortuna
516 3523 597 3589 meis
628 3521 832 3591 cruciatibus
857 3517 1054 3590 insatiabilis
1087 3518 1180 3588 alian

139 3666 248 3736 denuo
266 3668 347 3736 mihi
366 3683 496 3763 pestem
514 3669 683 3739 instruxit.
696 3667 842 3764 Delegor
854 3671 943 3737 enim
963 3666 1058 3763 ligno
1071 3682 1180 3738 monta

139 3808 357 3903 devehundo,
385 3839 535 3909 puerque
558 3814 640 3883 mihi
659 3813 836 3907 praefectus
852 3814 1055 3908 imponitur,
1072 3814 1180 3882 omni·

138 3952 203 4023 bus
218 3957 325 4026 modis
343 3955 398 4026 ille
416 3957 550 4053 quidem
572 3982 655 4056 puer
672 3958 880 4029 deterrimus.
898 3960 968 4028 Noc
986 3982 1041 4029 me
1063 3959 1180 4028 montis
