2596 4582
50 290 54 299 '
135 336 169 372 12
360 316 730 377 narnuonrnosnon
750 319 863 375 mam
883 321 933 374 vr.

129 444 192 511 scis
211 466 332 536 nempe
350 465 498 510 sororem
519 458 608 512 tuam
628 447 791 514 Venerem
813 446 882 512 sine
901 444 1060 512 Mercurii
1080 460 1171 536 prae·'

130 587 236 654 sentia
262 585 309 653 nil
339 611 496 680 umquam
526 588 667 658 fecisse:
699 606 760 658 nec
787 605 818 657 te
845 591 992 682 praeterit
1021 591 1161 682 utique,

129 745 255 823 quanto
270 732 338 823 jam
358 724 507 823 ternpore
522 728 770 799 delitescentem
785 729 939 800 ancillam
956 733 1162 824 nequiverim

129 877 283 968 reperire.
302 873 358 944 Nil
382 900 461 969 ergo
490 891 660 969 superest,
688 902 788 968 quam
809 892 868 944 tuo
889 878 1055 969 praeconio
1075 901 1161 969 prae·

130 1019 234 1086 mium
253 1019 516 1112 investigationis
537 1017 715 1111 publicitus
733 1019 872 1087 edicere.
891 1022 955 1087 Fac
973 1043 1053 1112 ergo
1067 1045 1161 1088 man·

129 1162 243 1231 datum
258 1176 405 1267 matures
423 1186 553 1248 meum,
566 1177 599 1229 et
619 1161 886 1255 indicia,quibus
899 1163 1161 1256 possitagnosci,

129 1306 303 1373 manifeste
330 1304 509 1400 designes,
536 1330 602 1392 ne,
627 1307 653 1372 si
684 1305 757 1398 quis
781 1303 1014 1373 occultationis
1040 1304 1162 1374 illicita

128 1452 253 1519 crimen
269 1449 425 1530 subierit,
446 1449 641 1541 ignorantiae
653 1473 687 1515 se
707 1449 810 1540 possit
823 1449 1032 1516 excusatione
1048 1446 1162 1516 defen-

129 1592 216 1661 dere.
234 1596 278 1661 Et
297 1591 394 1660 simul
414 1591 545 1676 dicens,
562 1589 711 1658 libellum
726 1592 755 1657 ci
769 1591 927 1684 porrigit,
942 1591 998 1658 ubi
1016 1591 1159 1682 Psyches

129 1763 250 1807 nomen
276 1737 534 1819 continebatur,
559 1751 592 1833 et
620 1752 738 1804 cetera.
765 1737 843 1822 Quo
869 1734 978 1821 facto,
1009 1735 1161 1828 protinus

130 1882 265 1951 domuin
285 1883 423 1950 secessit.

178 2244 248 2311 Nec
265 2243 452 2309 Mercurius
470 2242 581 2308 omisit
602 2240 806 2330 obsequium.
826 2239 912 2306 Nam
937 2262 994 2329 per
1012 2239 1162 2306 omnium

128 2411 188 2456 ora
206 2384 407 2478 populorum
424 2386 544 2477 passim
562 2383 773 2466 discurrens,
799 2383 845 2449 sic
865 2380 1027 2448 mandatae
1044 2379 1163 2473 praedi·

132 2529 272 2598 cationis
290 2552 412 2596 munus
429 2528 687 2620 exsequebatur:
700 2528 734 2599 Si
750 2527 825 2618 quis
843 2550 863 2592 a
880 2524 957 2617 fuga
975 2524 1162 2603 retrahere,

130 2672 184 2740 vel
197 2670 359 2741 occultam
377 2670 604 2738 demonstrare
620 2670 743 2762 poterit
756 2667 930 2762 fugitivam
945 2669 1031 2762 regis
1046 2665 1163 2751 filiam,

129 2820 271 2886 Veneris
297 2813 469 2902 ancillam,
504 2816 638 2881 nomine
665 2812 834 2906 Psychen,
867 2811 1043 2879 conveniat
1070 2823 1160 2877 retro

132 2978 236 3031 metas
263 2961 404 3028 Murtias
434 2959 638 3027 Mercurium
664 2952 939 3050 praedicatorem,
967 2968 1163 3046 accepturus

129 3105 281 3175 indicinae
299 3107 433 3173 nomine
450 3105 491 3172 ab
509 3106 580 3197 ipsa
590 3107 720 3172 Venere
739 3117 864 3194 septem
881 3099 969 3166 savia
985 3098 1114 3180 suavia,
1131 3112 1163 3164 et

130 3274 235 3318 unum
254 3248 454 3318 blandientis
476 3245 617 3341 appulsu
642 3244 763 3338 linguae
786 3243 883 3337 longe
906 3239 1080 3309 mellitum.
1110 3241 1163 3310 Ad

130 3396 219 3462 hunc
235 3392 370 3460 modum
389 3391 630 3485 pronunciante
648 3388 837 3472 Mercurio,
859 3387 941 3453 tanti
962 3386 1084 3478 praemii
1102 3410 1162 3452 eu·

131 3537 209 3632 pido
236 3535 384 3604 certatim
413 3535 560 3602 omnium
588 3528 776 3598 mortalium
807 3527 951 3595 studium
982 3542 1160 3594 arrexerat.

129 3683 213 3768 Quae
234 3705 283 3747 res
301 3702 390 3747 nunc
408 3676 458 3744 vel
475 3675 616 3744 maxime
637 3669 769 3739 sustulit
783 3671 923 3763 Psyches
940 3693 1070 3737 omnem
1084 3692 1163 3734 con-

129 3825 296 3891 tationem.
