2596 4582
204 306 239 361 30
434 306 804 365 METAMORPHOSEON
825 307 934 363 LIBER
955 309 1004 361 vl.

200 432 286 501 fecta
304 432 392 500 hona
411 448 505 524 parte
524 433 700 501 mortiferae
720 435 797 520 viae,
819 432 1063 502 continuaberis
1081 430 1237 502 claudum

200 575 329 642 asinum
350 573 517 668 lignorum
538 574 708 669 gerulum,
728 600 802 646 cum
823 600 965 670 agasone
983 571 1108 644 simili:
1128 577 1185 668 qui
1205 592 1238 645 te

200 717 357 810 rogitabit
385 716 548 785 decidenti
570 719 705 787 sarcinae
734 716 905 786 fusticulos
933 718 1061 811 aliquos
1083 721 1237 812 porrigas

200 862 240 928 ci.
267 858 333 929 Sed
355 875 392 928 tu
412 858 504 928 nulla
525 885 605 929 voce
627 861 816 956 depromta,
837 862 939 930 tacita
961 863 1138 954 praeterito.
1163 864 1236 933 Nec
1277 877 1281 883 '

201 1028 309 1092 mora,
326 1028 431 1095 quum
451 1004 494 1071 ad
513 1003 637 1073 flumen
658 1020 824 1074 mortuum
846 1008 971 1092 venies,
989 1007 1042 1074 cui
1061 1005 1236 1098 praefectus

199 1147 333 1216 Charon
349 1149 500 1239 protinus
518 1163 671 1241 expetens
687 1148 888 1241 portorium,
905 1148 951 1217 sic
967 1147 1008 1216 ad
1024 1149 1130 1241 ripam
1150 1145 1233 1217 ulte-

198 1292 320 1358 riorem
341 1288 430 1358 sutili
447 1290 564 1385 cymba
584 1288 719 1359 deducit
736 1306 966 1360 commeantes.
988 1294 1077 1384 Ergo
1094 1306 1126 1359 et
1145 1292 1234 1359 inter

199 1448 348 1500 mortuos
365 1433 504 1500 avaritia
520 1429 619 1499 vivit!
639 1434 709 1502 Nec
726 1433 859 1500 Charon
878 1433 951 1521 ille,
969 1435 1056 1502 Ditis
1072 1448 1104 1501 et
1120 1449 1232 1526 pater,

198 1592 309 1645 tantus
323 1577 419 1663 deus,
434 1574 614 1669 quidquam
630 1577 776 1670 gratuito
792 1576 885 1661 facit3
900 1591 932 1643 et
945 1600 1071 1671 pauper
1087 1578 1232 1646 moriens

199 1725 356 1791 viaticum
374 1723 471 1790 debet
489 1744 654 1814 quaercre3
674 1735 723 1803 et,
743 1745 785 1788 aes
805 1722 830 1787 si
852 1721 937 1789 forte
955 1747 1023 1815 prae
1041 1746 1140 1789 manu
1163 1747 1231 1790 non

198 1867 313 1950 fuerit,
330 1891 428 1934 nemo
442 1891 518 1934 eum
533 1866 698 1958 exspirare
712 1865 876 1958 patietur?
892 1867 978 1934 Huic
994 1864 1145 1958 squalido
1159 1867 1230 1965 seni

198 2011 291 2079 dabis
312 2008 402 2078 nauli
425 2012 559 2078 nomine
582 2007 623 2077 de
645 2010 802 2102 stipibus,
827 2034 909 2101 quas
932 2010 1033 2096 feres,
1057 2010 1193 2078 alteram
1220 2037 1228 2077 :

197 2158 243 2224 sic
269 2171 401 2241 tamen,
423 2168 459 2222 ut
484 2155 553 2246 ipse
576 2177 636 2221 sua
659 2177 760 2221 manu
785 2152 826 2220 de
843 2125 908 2221 ‘tuo
932 2169 1038 2221 sumat
1064 2178 1131 2222 ore.
1159 2156 1230 2224 Nec

196 2305 301 2372 secius
316 2304 374 2370 tibi
390 2309 520 2395 pigrum
535 2301 694 2368 lluentum
711 2302 943 2388 transmeanti,
961 2300 1094 2394 quidam
1113 2327 1229 2397 super·

197 2468 313 2520 natans
332 2475 431 2518 senex
448 2466 619 2535 mortuus,
641 2465 752 2542 putres
771 2447 924 2517 attollens
943 2474 1079 2538 manus,
1099 2453 1228 2539 orabit,

196 2613 233 2664 ut
258 2622 334 2664 eum
359 2598 445 2664 intra
469 2598 638 2690 navigium
665 2596 787 2665 trahas.
816 2598 886 2664 Nec
914 2612 950 2665 tu
978 2613 1086 2665 tamen
1113 2597 1229 2669 illicita

194 2743 359 2813 afflectare
375 2725 506 2835 pietate.
525 2744 678 2809 Transito
697 2741 816 2826 flurin,
836 2741 1003 2811 modicum
1020 2759 1053 2812 te
1070 2769 1226 2839 progres-

194 2915 263 2958 sam
291 2892 442 2958 textrices
468 2890 612 2958 orabunt
639 2915 743 2975 anus,
772 2889 869 2958 telam
897 2905 1079 2979 struentes,
1108 2918 1227 2964 manus

193 3035 361 3132 paulisper
377 3037 612 3106 accommodes.
629 3026 699 3107 Nec
713 3035 747 3105 id
762 3054 871 3106 tamen
888 3039 948 3105 tibi
966 3041 1160 3133 contingere
1177 3041 1225 3109 fas

192 3201 251 3253 est.
270 3186 355 3252 Nam
373 3186 569 3252 haecomnia
588 3185 647 3252 tibi
669 3200 701 3252 et
725 3184 829 3254 multa
846 3184 908 3253 alia
931 3185 971 3253 de
988 3188 1125 3255 Veneris
1146 3189 1224 3256 insi-

191 3334 253 3401 diis
270 3333 436 3419 orientur,
456 3348 492 3400 ut
512 3330 560 3399 vcl
581 3357 679 3399 tinam
698 3331 739 3399 dc
755 3333 907 3401 manibus
925 3335 1057 3402 omittas
1075 3333 1221 3404 ollulam.

190 3481 261 3546 Nec
277 3491 372 3579 putes
389 3473 483 3544 futile
497 3475 585 3543 istud
601 3474 820 3568 polentacium
838 3475 992 3544 damnum
1009 3476 1089 3545 leve.
1108 3479 1224 3549 Altera

189 3621 277 3688 enim
301 3619 449 3714 perdita,
472 3617 527 3686 lux
547 3619 616 3686 haec
636 3619 695 3685 tihi
716 3643 851 3710 prorsus
874 3619 1100 3714 dencgabitur.
1123 3625 1223 3692 Canis

190 3786 332 3854 namquo
353 3760 547 3857 pergrandis
574 3762 696 3854 trijugo
717 3776 749 3827 et
769 3763 847 3829 satis
873 3761 982 3854 amplo
1008 3766 1115 3858 capite
1139 3790 1223 3859 prac-

189 3905 297 3992 clitus,
329 3907 481 3974 immanis
509 3921 540 3972 et
568 3903 803 3991 formidabilis,
833 3905 1028 3975 conantibus
1055 3907 1223 3980 oblatrans
