2596 4582
128 339 166 394 38
370 346 739 404 METAMORPHOSEON
759 350 869 404 LIBER
890 349 938 402 VI.

177 700 231 768 Sic
250 699 352 784 fatus,
371 701 466 792 jubet
484 701 688 769 Mercurium
700 700 778 768 deos
793 724 908 768 omnes
921 699 962 767 ad
973 702 1169 769 concionem

131 837 285 928 protinus
300 861 498 915 convocare,
510 863 564 923 ac,
582 839 607 906 si
620 840 678 930 qui
690 852 776 907 eoetu
794 836 976 906 coelestium
992 837 1171 923 defuisset,

131 973 167 1041 iu
188 999 320 1067 poenam
338 972 450 1042 decem
468 972 610 1042 millium
630 974 804 1042 nummhm
817 989 1016 1043 conventum
1033 975 1074 1042 iri
1091 1000 1169 1067 pro·

131 1111 294 1178 nuntiare.
318 1112 396 1198 Quo
423 1078 526 1178 metu.
542 1113 652 1180 statim
678 1111 843 1205 completo
862 1110 985 1180 coelesti
1014 1112 1171 1199 theatro,

57 1292 64 1301 -
129 1272 192 1341 pro
209 1246 286 1315 sede
303 1246 437 1321 sublimi
455 1248 571 1316 sedens
587 1271 744 1341 procerus
762 1228 976 1340 Jupiter,sic
991 1251 1145 1321 enuntiat
1160 1276 1173 1324 t

130 1384 194 1452 Dei
229 1385 405 1475 conscripti
436 1385 608 1452 Musarum
638 1383 733 1469 albo,
771 1381 1015 1452 adolescentem
1046 1384 1170 1470 istum,

130 1518 221 1611 quod
239 1518 392 1586 manibus
410 1520 491 1586 meis
509 1517 698 1586 alumnatus
718 1519 800 1605 sim,
822 1518 971 1611 profecto
991 1521 1081 1588 scitis
1101 1545 1173 1592 om-.

132 1680 218 1723 nes:
248 1656 342 1748 cujus
367 1657 482 1748 primae
505 1656 687 1749 juventutis
714 1654 876 1724 caloratos
907 1657 1049 1749 impetus
1076 1656 1175 1725 sreno.

132 1792 276 1886 quodam
296 1790 497 1879 coercendos
515 1793 709 1860 existimavi.
729 1795 788 1862 Sat
806 1807 856 1860 est
873 1792 1074 1885 quotidianis
1094 1818 1170 1861 eum

131 1928 252 1999 fabulis
272 1930 316 1997 oh
333 1929 494 1999 adulteria
519 1945 722 2022 cunctasque
739 1929 942 2024 corruptelas
962 1929 1169 1999 infamatum.

131 2064 293 2135 Tollenda
310 2081 360 2135 est
375 2069 484 2143 omnis
498 2069 650 2150 occasio,
673 2082 706 2134 et
729 2065 860 2146 luxuria
877 2065 1011 2161 puerilis
1034 2070 1172 2160 nuptia.

132 2200 218 2272 libus
246 2203 372 2300 pedicis
396 2202 575 2298 religanda.
597 2200 746 2271 Puellam
778 2202 896 2296 elegit,
922 2218 955 2270 et
981 2204 1173 2296 virginitate

132 2336 300 2434 priuauit:
321 2355 449 2427 teneat,
477 2338 657 2433 possideat,
684 2337 856 2432 amplexus
875 2338 1023 2432 Psychen
1042 2364 1172 2432 semper

132 2480 200 2547 suis
221 2479 390 2547 amoribus
408 2478 610 2572 perfruatur.
635 2481 678 2545 Et
689 2477 731 2545 ad
749 2481 912 2546 Venerem
928 2476 1046 2546 collata
1068 2477 1169 2558 facie,

132 2617 204 2684 Neo
221 2628 278 2699 tu,
298 2615 429 2711 inquit,
447 2612 534 2700 filia,
550 2614 734 2706 quidquam
748 2616 963 2691 contristare:
984 2639 1043 2683 nec
1058 2640 1170 2708 prosa·

131 2753 194 2853 piac
218 2763 318 2819 tantae
342 2765 425 2837 tuae,
451 2753 618 2843 statuique
642 2748 684 2817 de
705 2752 916 2819 matrimonio
944 2749 1168 2819 mortali-mm

132 2904 216 2957 tuas.
238 2893 311 2958 lam
336 2888 413 2959 faxo
439 2889 577 2982 nuptias
600 2914 668 2959 non
702 2889 863 2982 impares,
894 2888 950 2956 sed
978 2887 1170 2982 legitimas,

132 3042 165 3097 et
180 3029 256 3121 jure
274 3027 363 3096 civili
386 3052 561 3123 congruas.
582 3032 627 3097 Et
648 3026 737 3107 illico
756 3054 815 3121 per
834 3029 1044 3097 Mercurium
1068 3030 1171 3123 arripi

132 3165 299 3261 Psychen,
314 3180 347 3234 et
366 3166 401 3242 in
415 3163 533 3234 coelum
549 3166 687 3260 perduci
700 3165 809 3258 jubet.
826 3169 985 3242 Porrecto
999 3167 1173 3249 ambrosia

135 3302 275 3396 poculo,
295 3307 413 3388 Sume,
431 3306 559 3398 inquit,
578 3305 723 3398 Psyche,
742 3318 776 3373 et
793 3304 987 3383 immortalis
1000 3318 1094 3374 esto:
1113 3329 1173 3373 nec

136 3467 283 3535 unquam
300 3440 503 3536 digredietur
519 3466 538 3509 a
560 3456 618 3515 tuo
635 3466 723 3521 nexu
742 3440 897 3534 Cupido,
919 3440 977 3514 sed
995 3443 1065 3510 istac
1079 3442 1174 3510 vobis

135 3590 232 3643 eruut
247 3587 412 3666 perpetuae
427 3574 559 3667 nuptiae.
805 3543 808 3548 ¹
