2596 4582
201 335 239 392 26
415 333 796 394 ‚METAMORPHOSEON
817 338 929 396 LIBER
953 340 1004 396 VI.

201 461 330 554 ipsique
350 461 424 528 Jovi
448 459 668 530 formidabiles
692 487 794 554 aquas
815 466 892 533 istas
917 467 1037 560 stygias
1063 467 1112 535 vel
1132 468 1237 541 fando

201 603 411 698 comperisti?
428 602 583 697 quodque
600 631 657 674 vos
676 605 828 701 dejeratis
847 634 905 702 per
922 611 1059 681 numina
1075 613 1233 702 deorum,

201 747 279 820 deos
293 771 352 841 per
366 749 474 842 Stygis
489 748 695 840 majestatem
708 747 830 819 solere?
845 750 910 820 Sed
924 751 1005 820 cedo
1019 755 1112 823 istam
1129 780 1234 829 urnu-

200 891 276 960 lam.
298 894 340 959 Et
362 892 514 985 protinus
536 906 717 985 arreptam,
739 891 1001 987 completamque
1023 895 1234 984 festinanter,

201 1033 392 1125 libratisque
416 1033 596 1126 pinnarum
622 1035 811 1102 nutantium
836 1032 1000 1115 molibus,
1025 1038 1111 1104 inter
1133 1063 1234 1129 genas

202 1175 405 1244 saevientium
428 1173 650 1262 dentium,et
669 1174 803 1245 trisulca
825 1176 1010 1246 vibramina
1031 1177 1233 1270 draconum,

202 1319 375 1413 remigium
396 1317 528 1387 dextera
551 1317 697 1412 laevaque
719 1320 910 1414 porrigens,
930 1319 1087 1390 violentes
1111 1347 1233 1415 aquas,

203 1478 236 1533 et
252 1478 289 1532 ut
304 1464 410 1532 abiret
428 1463 583 1531 innoxius
600 1464 848 1555 praeruinantes,
865 1465 988 1556 excipit
1003 1489 1011 1531 :
1029 1481 1235 1553 commenta,

202 1607 246 1676 ob
255 1608 382 1698 jussum
395 1606 533 1674 Veneris
546 1619 673 1698 petere,
687 1605 782 1697 eique
794 1630 828 1674 se
841 1605 1106 1698 praeministrare.
1118 1609 1234 1696 Quare

202 1748 302 1845 paulo
319 1747 448 1816 facilior
462 1746 604 1816 adeundi
622 1746 686 1815 fuit
701 1749 807 1841 copia.

252 2259 307 2327 Sic
331 2271 500 2352 acceptam
526 2281 609 2332 cum⁴
628 2254 748 2349 gaudio
774 2253 904 2347 plenam
931 2251 1084 2322 urnulam
1109 2251 1235 2344 Psyche

203 2404 326 2471 Veneri
350 2403 448 2470 citata
473 2399 601 2468 retulit'
616 2400 688 2468 Nec
708 2412 818 2465 tamen
842 2410 961 2464 nutum
984 2394 1052 2462 deae
1074 2395 1235 2461 saevientis

205 2542 254 2610 vel
280 2558 359 2613 tunc
384 2545 514 2635 expiare
537 2543 657 2635 potuit.
682 2542 767 2611 Nam
795 2541 841 2608 sic
866 2563 961 2627 eam,
986 2539 1111 2630 majora
1136 2551 1235 2629 utque

204 2690 318 2783 pejora
335 2687 459 2781 flagitia
475 2685 680 2754 comminans
686 2736 696 2772 ,
714 2682 857 2777 appellat
875 2683 1028 2752 renidens
1045 2679 1208 2750 exitiabile
1227 2707 1234 2747 :

203 2837 277 2902 Jarn
293 2847 329 2902 tu
345 2830 477 2925 quidem
496 2831 616 2899 videris
632 2856 728 2922 maga
746 2831 894 2923 quaedam
913 2829 993 2896 mibi
1011 2844 1043 2897 et
1060 2827 1124 2896 alte
1140 2852 1235 2921 pror·

204 3002 260 3046 sus
282 2974 446 3062 malefica,
467 3000 540 3068 quae
560 2973 680 3042 talibus
700 2975 871 3067 praecptis
897 2975 978 3041 meis
1001 2973 1234 3064 obtemperasti

91 3110 94 3116 ’
205 3122 367 3214 gnaviter,
383 3118 447 3188 Sed
466 3118 574 3186 adhuc
592 3118 699 3203 istud,
719 3142 790 3187 mea
809 3116 951 3210 pupula,
971 3118 1163 3184 ministrare
1177 3114 1235 3182 de·

205 3262 307 3331 bebis.
323 3267 423 3331 Sume
436 3249 533 3330 istani
549 3261 700 3355 pyxidem
714 3262 765 3355 (et
779 3260 869 3346 dedit
883 3260 1072 3355 protinus),
1085 3275 1117 3328 et
1133 3284 1236 3351 usque

206 3405 247 3475 ad
265 3403 388 3474 Inleros
405 3421 439 3473 et
455 3405 558 3498 ipsius
575 3405 655 3474 Orci
675 3401 790 3473 ferales
808 3419 942 3497 penates
959 3417 992 3470 te
1010 3402 1123 3494 dirige.
1141 3405 1236 3469 Tunc

205 3548 375 3617 conferens
387 3547 539 3640 pyxidem
551 3549 771 3642 Proserpinae,
783 3548 867 3615 Petit
880 3546 921 3612 de
934 3561 965 3613 te
978 3549 1106 3627 Venus,
1120 3543 1235 3630 dicito,

207 3695 372 3762 modicum
390 3693 431 3761 de
448 3707 503 3759 tua
521 3694 631 3760 mittas
648 3695 677 3760 ei
696 3693 913 3779 formositate,
931 3692 980 3760 vel
997 3689 1038 3757 ad
1055 3715 1154 3758 unam
1170 3689 1235 3756 sal-

207 3855 272 3908 tcnr
292 3838 451 3908 dieculam
471 3837 643 3907 sufficiens.
663 3840 750 3906 Nam
768 3837 856 3929 quod
876 3836 1009 3921 habuit,
1030 3834 1108 3901 dnm
1130 3831 1262 3942 filiurn⁸

208 3999 301 4052 curat
327 3999 505 4076 agrotum,
529 3985 708 4052 consumsit
733 3997 832 4074 atquc
856 3982 1011 4051 contrivit
1036 4004 1144 4047 omne.
1170 3979 1235 4046 Sed
