2572 4584
120 340 162 398 88
358 336 725 395 ΜΕΤΑΜΟΒΡΗΟὸΕΟΝ
744 336 859 394 LIBER
878 338 946 394 Vll.

123 471 289 538 Venerem
306 468 392 561 pasti
413 468 574 535 satianter
593 492 632 536 ac
652 466 709 535 diu
727 467 889 561 saginati,
904 436 1067 537 'terribiles
1078 466 1138 536 alio·

124 613 227 706 quin,
245 625 278 680 et
295 613 411 706 utique
432 613 552 703 quovis
568 612 661 680 asino
680 610 853 699 fortiores,
866 611 907 680 dc
921 637 974 682 me
984 628 1143 683 metuentes

124 755 209 842 sibi,
245 752 410 823 adulterio
439 753 595 849 degeneri
628 771 883 850 precaventes„
899 782 960 826 nec
990 755 1146 853 Hospitalis

93 864 97 870 .
126 902 215 970 Jovis
235 914 368 969 servato
387 899 530 988 loedere,
559 899 699 970 rivalem
724 926 856 971 summo
887 901 1037 973 furentes
1060 927 1148 999 perse

127 1059 278 1138 quuntur
296 1044 384 1113 odio.

179 1618 243 1684 Hic
261 1615 354 1685 elatis
371 1619 405 1684 in
427 1615 532 1685 altum
551 1618 652 1685 vastis
669 1617 860 1710 pectoribus
878 1667 887 1703 ,
908 1614 1036 1684 arduus
1050 1608 1157 1710 capite,

130 1776 163 1829 et
180 1759 329 1830 sublimis
340 1763 477 1847 vertice,
493 1761 697 1855 primoribus
713 1762 747 1829 in
766 1786 817 1829 me
833 1750 1159 1855 pugillatur·ungulis;

131 1904 188 1974 ille
210 1920 302 1998 terga
326 1905 476 2001 pulposis
501 1905 619 1975 torulis
645 1907 743 1975 obesa
765 1920 980 1991 convertens,
1003 1903 1162 1998 postremis

133 2052 291 2123 velitatur
305 2052 449 2122 calcibus
466 2079 476 2141 ;
503 2054 587 2122 alius
606 2055 743 2123 hinnitu
761 2053 909 2148 maligno
931 2055 1162 2135 comminatus,

131 2197 286 2267 remulsis
316 2198 480 2286 auribus,
509 2200 728 2292 dentiumque
761 2198 978 2269 candentium
1009 2197 1163 2268 renudatis

132 2343 254 2430 hastis,
280 2359 389 2413 totum
411 2369 464 2412 me
485 2345 728 2415 commorsicat.
756 2345 811 2413 sic
836 2342 926 2437 apud
946 2338 1165 2412 historiando

132 2513 211 2583 rege
224 2490 372 2558 Thracio
393 2489 559 2583 legeram,
573 2493 631 2583 qui
649 2492 788 2559 miseros
804 2490 950 2587 hospites
963 2487 1165 2582 ferinisequis

133 2634 202 2700 suis
222 2630 415 2701 lacerandos
438 2632 716 2726 devorandosque
740 2633 944 2728 porrigebat.
974 2634 1069 2704 Adeo
1093 2655 1162 2728 prte-

134 2790 252 2872 poteus
274 2775 329 2846 ille
347 2792 509 2873 tyrannus
528 2779 574 2846 sic
594 2802 713 2871 parcus
730 2779 848 2848 hordei
869 2777 953 2866 fuit,
974 2792 1011 2846 ut
1029 2777 1163 2847 edacium

132 2921 365 3012 jumentorum
393 2920 515 2990 samem
540 2947 720 3017 corporum
751 2923 975 2991 humanorum
1003 2920 1165 3018 largitione

137 3065 279 3134 sedaret.
301 3065 354 3135 Ad
378 3065 532 3135 eumdem
559 3066 697 3136 modurn
728 3067 906 3136 distractus
931 3081 963 3135 et
990 3069 1061 3160 ipse
1081 3062 1166 3134 variis

134 3236 299 3305 equorum
316 3212 523 3300 incursibus,
542 3237 678 3283 rursum
698 3211 838 3282 molares
858 3211 932 3282 illos
951 3213 1112 3283 circuitus
1130 3232 1169 3277 re

134 3358 319 3452 quireham.

183 3531 310 3599 Verum
336 3529 485 3598 Fortuna
514 3531 594 3596 meis
625 3530 829 3598 cruciatibus
855 3527 1051 3598 insatiabilis
1084 3525 1173 3595 aliam

136 3672 246 3743 denuo
263 3675 344 3743 mihi
364 3690 494 3771 pestem
512 3676 680 3746 instruxit.
693 3676 839 3772 Delegor
852 3679 940 3746 enim
960 3674 1054 3771 ligno
1069 3689 1173 3745 nonu

136 3813 355 3909 devehundo,
381 3845 532 3915 puerque
556 3822 637 3890 mihi
656 3821 833 3915 praefectus
849 3823 1052 3916 imponitur,
1069 3821 1173 3890 omni·

135 3958 200 4029 bus
215 3962 322 4031 modis
341 3963 396 4033 ille
414 3964 548 4061 quidem
570 3990 653 4063 puer
670 3965 878 4036 deterrimus.
895 3967 965 4035 Nec
984 3990 1038 4039 mc
1061 3966 1166 4034 monti
