2596 4582
128 310 166 374 Gt
353 305 714 362 METAMORPHOSEON
734 306 844 360 LIBER
865 304 930 359 vlt.

130 455 229 524 quam
247 431 349 498 nimia
365 428 570 498 rotunditate
587 427 746 522 pendulas
763 429 942 497 vibrassem
960 425 1076 495 labias.
1096 427 1159 495 Sed

129 573 211 666 quid
241 597 302 666 ego
334 572 484 666 pluribus
516 572 556 641 de
587 575 742 640 Fortunae
774 572 919 640 saevitate
949 571 1159 664 conqueror?

130 717 340 808 Quamquam
357 739 417 783 nec
433 713 521 783 istud
538 713 673 808 puduit,
688 738 741 781 me
755 738 830 782 cum
847 738 921 782 meo
934 710 1059 781 famulo
1074 737 1160 782 meo·

130 883 196 951 que
227 873 357 928 vectore
384 857 441 927 illo
469 881 553 951 equo
582 857 706 926 sactum
736 881 930 925 conservum
956 871 1058 949 atque
1086 880 1160 925 con-

129 1004 251 1097 jugem.

182 1308 316 1377 Talibus
330 1307 566 1402 agitationibus
582 1306 812 1389 fluctuantem,
829 1305 929 1373 subiit
944 1329 997 1372 me
1013 1304 1070 1374 illa
1088 1330 1162 1375 cura

135 1454 244 1548 potior
269 1475 354 1543 qua,
372 1465 494 1519 statuto
518 1447 655 1518 consilio
679 1447 867 1536 latronum,
890 1449 1044 1518 manibus
1067 1450 1163 1543 virgi·

135 1598 186 1664 nis
202 1594 368 1662 decretam
383 1619 436 1662 me
453 1595 619 1662 victimam
636 1591 850 1680 recordabar,
868 1607 1085 1686 ventremque
1101 1617 1163 1661 cre·

135 1739 196 1805 bro
217 1737 395 1828 suspiciens
414 1760 545 1821 meum,
564 1737 632 1828 jam
655 1733 814 1803 misellam
839 1734 981 1829 puellam
1006 1737 1163 1830 parturie-

135 1882 222 1948 bam.
234 1879 297 1947 Sed
308 1878 376 1966 ille,
392 1879 448 1971 qui
460 1877 670 1947 commodum
679 1877 792 1948 salsam
803 1878 844 1948 de
854 1905 907 1948 me
918 1883 1085 1951 notoriam
1096 1907 1163 1977 per·

136 2021 278 2106 tulerat,
299 2022 502 2114 expromptis
522 2019 611 2088 mille
629 2046 787 2106 aureum,
807 2046 890 2114 quos
909 1995 1164 2095 insutulaciniae

138 2180 345 2252 contexerat,
364 2188 512 2257 quosque
531 2166 629 2232 variis
647 2165 828 2233 viatoribus
847 2165 1029 2254 detractos,
1050 2184 1091 2236 ut
1107 2171 1165 2236 aie·

137 2309 211 2396 bat,
229 2333 290 2401 pro
307 2331 366 2375 sua
383 2306 572 2401 frugalitate
589 2307 757 2374 communi
773 2307 961 2376 conserebat
978 2333 1080 2396 arcae,
1098 2310 1165 2377 infit

140 2455 238 2520 etiam
254 2450 296 2518 de
312 2449 417 2518 salute
432 2448 695 2519 commilitonum
712 2448 848 2519 sollicite
864 2452 1033 2520 sciscitari.
1050 2453 1165 2548 Cogni-

140 2609 241 2686 toque
255 2591 433 2684 quosdam,
449 2595 550 2660 immo
566 2618 643 2661 vero
661 2594 876 2664 fortissimum
893 2620 1058 2690 quemque
1075 2597 1167 2665 variis

139 2735 289 2829 quidem,
304 2735 360 2804 sed
376 2737 525 2830 impigris
541 2738 670 2806 casibus
686 2740 849 2832 oppetisse
855 2765 865 2828 ;
880 2718 996 2809 suadet
1011 2743 1167 2835 tantisper

139 2880 262 2973 pacatis
281 2879 469 2965 itineribus,
487 2880 701 2972 omniumque
718 2879 905 2973 praeliorum
922 2883 1059 2951 servatis
1078 2882 1167 2952 iudu-

139 3022 217 3106 ciis,
240 3021 507 3112 inquisitionibus
530 3021 792 3091 commilitonum
816 3026 1166 3116 potius'insisteretur,

140 3180 172 3232 et
193 3164 346 3233 tirocinio
366 3189 459 3231 novae
475 3166 678 3256 juventutis,
698 3165 740 3234 ad
759 3168 905 3259 pristinae
923 3193 1040 3238 manus
1060 3196 1167 3240 nume·

139 3333 231 3395 rum,
246 3310 376 3376 Martiae
390 3308 536 3375 cohortis
551 3308 647 3376 facies
661 3311 889 3402 integraretur.
906 3315 992 3384 Nam
1007 3328 1040 3381 et
1054 3317 1166 3383 invitos

140 3467 266 3519 terrore
285 3446 457 3542 compelli,
479 3464 512 3517 et
531 3448 678 3518 volentes
698 3454 833 3544 praemio
853 3457 1028 3547 provocari
1049 3478 1166 3550 posse:

141 3619 201 3663 nec
219 3616 343 3686 paucos
360 3589 480 3660 humili
498 3591 675 3685 servilique
699 3596 773 3664 vitae
796 3598 1042 3685 renuntiantes,
1063 3601 1105 3669 ad
1124 3601 1167 3667 in·

142 3752 209 3803 star
225 3737 402 3826 tyrannicae
424 3737 615 3826 potestatis,
637 3753 758 3806 sectam
781 3765 872 3808 suam
896 3741 1046 3810 conferre
1068 3722 1167 3811 malle

143 3883 185 3946 Se
204 3904 334 3971 quoque
351 3860 566 3970 jamdudum
586 3905 646 3971 pro
666 3906 725 3949 sua
744 3900 836 3975 parte
856 3884 1032 3977 quemdam
1055 3910 1170 3956 conve·
