2596 4582
217 321 252 382 il
457 322 819 380 murimonrflosnort
842 323 956 379 LtuEtt
974 323 1024 377 Vl.

268 632 339 700 Nec
361 655 413 700 me
436 646 548 701 tamen
570 634 745 704 mediocris
771 635 928 729 carpebat
951 629 1150 726 scrupulus,
1173 656 1251 700 con·

218 773 435 868 templatione
453 779 661 847 comminatae
683 778 764 847 mibi
787 780 924 865 mortis,
945 793 980 847 et
1001 779 1071 870 ipse
1094 800 1223 845 mecum
1244 801 1251 842 :

218 917 311 1005 Quid
330 933 396 988 stas
415 921 489 1009 hie,
510 924 613 1010 Luci,
633 921 682 992 vel
708 922 791 1016 quid
809 925 878 1017 jam
901 922 1116 990 novissimum
1140 943 1253 1013 exspe-

218 1059 312 1129 ctas?
330 1065 443 1147 Mors,
462 1081 494 1133 et
516 1066 584 1134 haec
604 1066 836 1150 acerbissima,
857 1065 988 1133 decreto
1008 1063 1176 1132 latronum
1195 1046 1254 1132 tibi

217 1223 406 1301 comparata
431 1224 489 1277 est.
517 1210 586 1279 Nec
614 1235 735 1304 magno
761 1224 886 1278 conatu
910 1233 962 1277 res
990 1208 1126 1301 indiget.
1154 1206 1254 1276 Vides

217 1350 294 1418 istas
311 1351 451 1444 rupinas
465 1353 646 1444 proximas,
664 1365 696 1421 et
714 1366 900 1445 praeacutas
913 1352 946 1418 in
965 1352 1015 1419 liis
1032 1350 1254 1444 prominentes

217 1491 343 1581 silices,
365 1519 440 1588 quae
461 1511 497 1564 te·
515 1520 599 1589 pene
623 1511 699 1564 ante
720 1518 821 1588 qnam
846 1492 1024 1580 decideris,
1046 1493 1254 1561 membratim

220 1637 438 1732 dissipabunt.
459 1643 551 1711 Nam
569 1656 603 1708 et
625 1639 680 1708 illa
702 1642 771 1734 ipsa
792 1637 949 1733 praeclara
972 1638 1085 1730 magia
1103 1651 1162 1705 tua
1182 1633 1253 1705 vul·

219 1797 291 1849 tum
316 1780 510 1877 laboresque
534 1785 593 1852 tibi
618 1800 746 1852 tantum
769 1785 873 1870 asini,
899 1806 1015 1852 verum
1035 1781 1164 1850 corium
1188 1804 1253 1848 non

219 1926 304 1993 asini
325 1951 498 2016 crassum,
512 1928 571 1996 sed
590 1925 755 1997 hirudinis
778 1943 876 1997 tenne
899 1923 1168 1995 membranulum
1190 1925 1252 1992 cir·

218 2070 396 2142 cumdedit.
428 2074 520 2163 Quin
549 2076 650 2167 igitur
678 2072 860 2141 masculum
888 2070 1021 2140 taudem
1051 2070 1155 2138 sumis
1181 2069 1251 2162 nni·

174 2292 177 2299 ,
220 2245 332 2305 mum,
353 2235 481 2314 tuaeque
500 2218 618 2306 saluti,
639 2218 718 2287 dnm
739 2217 831 2301 licet,
852 2213 1018 2286 consulis?
1037 2214 1148 2283 Habes
1167 2238 1251 2282 sum·

218 2391 307 2435 marn
330 2369 616 2462 opportunitatem
641 2366 746 2459 fugae,
769 2363 850 2432 dum
875 2361 1019 2430 latrones
1041 2360 1174 2428 absunt.
1203 2365 1250 2429 An

199 2510 400 2585 ¹custodiam
437 2534 521 2579 anus
553 2511 773 2577 semimortuae
805 2504 1023 2574 formidabis?
1050 2528 1151 2597 qnam
1180 2502 1252 2572 licet

217 2651 326 2722 claudi
354 2652 447 2748 pedis
481 2654 531 2721 tui¹
558 2651 646 2720 calce
681 2652 779 2719 unica
811 2649 905 2718 finire
932 2649 1066 2744 poteris.
1095 2646 1159 2715 Sed
1189 2672 1252 2741 quo

219 2801 366 2895 gentium
395 2811 584 2892 capessetur
610 2796 710 2890 fuga,
741 2793 794 2862 vel
822 2794 1004 2887 hospitium
1036 2792 1109 2884 quis
1126 2789 1253 2858 dabit-l

217 2951 295 3016 Haec
316 2944 449 3039 quidem
472 2946 584 3037 inepta
607 2957 640 3012 et
665 2965 799 3035 prorsus
825 2939 952 3009 asinina
976 2937 1145 3032 cogitatio.
1171 2935 1253 3026 Quis

217 3091 306 3161 enim
337 3089 500 3157 viantium
521 3068 697 3155 ‘vectorem
731 3110 827 3153 sunm
860 3107 927 3151 non
960 3080 1100 3149 libenter
1129 3079 1254 3147 auferat

219 3235 353 3306 secuml
371 3238 413 3304 Et
432 3233 531 3303 alacri
551 3233 663 3300 statim
683 3232 757 3299 nisu
777 3227 906 3313 lorum,
926 3251 993 3319 qno
1011 3225 1138 3294 fueram
1156 3224 1253 3295 desti·

220 3395 331 3465 natus,
348 3380 527 3471 abrumpo,
545 3400 664 3468 meque
681 3369 889 3468 quadrupedi
905 3392 1004 3438 cursu
1024 3369 1183 3461 proripio.

266 3550 335 3618 Nec
362 3563 472 3615 tamen
500 3541 652 3613 astutule)
678 3567 762 3609 anus
789 3537 945 3606 milvinos
971 3534 1085 3604 oculos
1111 3532 1255 3631 elingem

113 3704 120 3721 ¹
217 3694 320 3786 potui.
344 3694 450 3776 Nam,
470 3689 527 3756 ubi
548 3711 600 3754 me
619 3685 790 3779 conspexit
811 3680 1019 3765 absolutum,
1040 3693 1136 3773 capta
1157 3703 1255 3774 super

219 3862 332 3906 sexum
350 3851 384 3902 et
401 3849 530 3902 aetatem
549 3830 704 3914 audacia,
726 3827 834 3896 lorum
855 3822 1047 3919 prehendit,
1068 3847 1107 3890 ac
1127 3847 1181 3890 me
1200 3821 1254 3890 de·

219 3982 338 4051 (lucere
365 4006 401 4049 ac
428 4002 581 4047 revocare
606 3973 788 4044 contendit.
817 3974 885 4041 Nec
909 3985 1020 4037 tamen
1043 3992 1256 4061 egomemnr
