2572 4584
121 335 163 393 88
360 332 726 391 METAMORPHOSEON
745 332 860 390 LIBER
879 334 946 390 Vll.

125 467 290 534 Venerem
308 464 394 556 pasti
413 463 575 531 satianter
594 487 634 532 ae
653 462 710 531 diu
729 463 890 557 saginati,
908 462 1074 533 terribiles
1089 463 1171 533 alio-

125 609 228 702 quin,
246 621 279 676 et
297 609 412 700 utique
433 609 553 700 quovis
570 608 663 676 asino
681 606 854 695 fortiores,
866 607 908 675 de
922 624 1171 682 memetuentr:

126 751 211 837 sibi,
246 747 412 819 adulterio
440 749 597 844 degeneri
629 767 884 846 praecaventes„
900 778 961 822 nec
990 752 1171 849 Hospitalis

94 858 99 866 ·
127 897 217 966 Jovis
237 910 369 965 servato
389 895 531 984 foedere,
560 895 700 966 rivalem
725 923 857 967 summo
888 898 1037 969 furentes
1063 925 1161 994 perse·

128 1055 279 1134 quuntur
297 1040 385 1110 odlo.

180 1614 245 1681 Hie
262 1611 355 1681 elatis
371 1614 406 1680 in
428 1611 533 1682 altum
552 1614 654 1682 vastis
671 1613 861 1707 pectoribus
879 1665 889 1698 ,
909 1611 1035 1680 arduus
1050 1606 1167 1706 capite,

131 1772 164 1825 et
181 1756 479 1844 sublimaveram,
495 1757 698 1850 primoribus
714 1759 748 1824 in
767 1782 818 1825 me
835 1746 1169 1851 pugillatur·ungulis;

133 1901 189 1971 ille
210 1917 303 1995 terga
327 1901 477 1997 pulposis
503 1901 620 1971 torulis
646 1903 744 1971 obesa
767 1916 980 1986 convertens,
1003 1901 1171 1994 postremis

134 2048 293 2118 velitatur
306 2048 451 2118 calcibus
468 2075 477 2137 ;
504 2049 589 2118 alius
608 2051 744 2120 hinnitu
763 2049 911 2144 maligno
932 2051 1171 2133 comminatus,

132 2193 287 2264 remulsis
317 2196 482 2283 auribus,
511 2196 730 2288 dentiumque
763 2195 978 2265 candentium
1010 2194 1171 2264 renudatis

133 2339 255 2426 hastis,
280 2355 390 2410 totum
411 2365 465 2409 me
486 2341 730 2410 commorsicat.
758 2341 813 2409 Sic
838 2338 927 2434 apud
948 2339 1123 2408 historiam
1137 2336 1171 2405 da

133 2509 212 2579 rege
225 2486 373 2556 Thracio
394 2485 560 2580 legeram,
574 2489 633 2578 qui
650 2488 789 2555 miseros
806 2486 951 2583 hospites
964 2486 1171 2579 lerinisequis

134 2630 203 2696 suis
223 2627 417 2698 lacerandos
439 2628 717 2722 devorandosque
741 2629 944 2725 porrigebat.
975 2630 1070 2700 Adeo
1094 2653 1171 2724 prte-

135 2787 253 2868 potens
275 2772 330 2842 ille
348 2788 510 2870 tyrannus
529 2775 576 2842 sic
594 2798 714 2868 parcus
731 2774 849 2844 hordei
870 2774 954 2862 fuit,
976 2789 1012 2842 ut
1030 2773 1171 2844 edacium

133 2917 366 3009 jumentorum
395 2918 516 2987 famem
541 2943 722 3013 corporum
751 2920 977 2987 humanorum
1004 2916 1171 3014 largitione

138 3063 280 3131 sedaret.
302 3061 355 3132 Ad
379 3062 534 3131 eumdem
560 3061 698 3131 modum
730 3062 907 3132 distractus
932 3077 965 3131 et
990 3065 1063 3157 ipse
1083 3061 1171 3132 variis

135 3233 300 3302 equorum
317 3208 524 3296 incursibus,
544 3233 679 3278 rursum
699 3207 840 3278 molares
859 3207 933 3277 illos
953 3209 1115 3279 circuitus
1134 3231 1171 3275 re

135 3354 320 3449 quirebam.

184 3527 311 3595 Verum
337 3526 486 3595 Fortuna
515 3527 595 3592 meis
626 3525 830 3594 cruciatibus
856 3522 1053 3594 insatiabilis
1085 3522 1171 3592 alian

137 3668 247 3739 denuo
264 3672 346 3740 mihi
365 3686 495 3767 pestem
513 3673 681 3742 instruxit.
694 3672 841 3768 Delegor
853 3675 942 3741 enim
961 3670 1057 3767 ligno
1070 3684 1171 3741 mont<

138 3809 356 3907 devehundo,
383 3842 533 3911 puerque
557 3817 638 3887 mihi
657 3817 834 3911 praefectus
851 3819 1054 3912 imponitur,
1071 3815 1168 3886 omni

137 3954 202 4025 bus
217 3958 323 4028 modis
342 3958 396 4029 ille
414 3960 549 4057 quidem
571 3985 654 4059 puer
670 3961 879 4032 deterrimus.
896 3963 967 4031 Nec
986 3987 1040 4035 mc
1062 3955 1171 4033 monti
