2572 4584
120 334 161 392 88
358 328 724 388 METAMORPHOSEON
744 327 858 385 LIBER
878 328 945 384 vll.

123 466 289 533 Venerem
305 461 392 554 pasti
412 460 574 528 satianter
593 484 633 527 ac
652 458 710 525 diu
728 457 889 552 saginati,
907 455 1070 527 terribiles
1083 457 1160 527 alio·

124 608 227 701 quin,
245 619 279 674 et
296 607 411 699 utique
432 605 552 697 quovis
568 604 662 672 asino
681 602 853 688 fortiores,
865 602 907 669 de
921 628 975 672 me
984 617 1151 672 metuentes

125 749 210 835 sibi,
245 745 411 817 adulterio
439 746 596 842 degeneri
627 761 883 841 precaventes„
900 772 961 817 nec
990 744 1152 842 Hospitalis

93 858 97 865 Ι
126 896 216 964 Jovis
236 908 369 962 servato
388 892 530 981 foedere,
560 891 700 962 rivalem
725 917 857 962 summo
888 892 1036 962 furentes
1062 916 1156 989 perse·

128 1054 278 1134 quuntur
296 1038 385 1106 odio.

180 1612 244 1678 Hic
262 1609 356 1678 elatis
372 1611 407 1677 in
429 1608 534 1678 altum
553 1610 654 1677 vastis
670 1607 862 1702 pectoribus
880 1657 889 1692 ,
910 1604 1036 1674 arduus
1052 1598 1172 1699 capite,

131 1770 164 1824 et
181 1753 331 1824 sublimis
343 1756 479 1840 vertice,
495 1753 699 1847 primoribus
714 1754 749 1820 in
767 1777 819 1820 mc
835 1740 1174 1845 pugillatu1·ungulis;

133 1897 190 1969 ille
212 1915 303 1993 terga
328 1897 478 1994 pulposis
504 1896 622 1967 torulis
647 1899 745 1966 obesa
767 1910 981 1980 convertens,
1004 1892 1175 1988 postremis

135 2047 294 2116 velitatur
306 2045 452 2115 calcibus
469 2072 478 2134 ;
506 2046 590 2114 alius
608 2046 744 2114 hinnitu
763 2043 911 2139 maligno
933 2044 1175 2127 comminatus,

134 2191 289 2261 remulsis
319 2192 483 2279 auribus,
512 2192 731 2284 dentiumque
764 2189 980 2259 candentium
1011 2187 1175 2257 renudatis

134 2339 257 2425 hastis,
283 2352 392 2407 totum
413 2362 467 2405 me
487 2336 731 2406 commorsicat.
759 2336 814 2403 Sic
839 2332 929 2427 apud
949 2333 1126 2401 historiam
1139 2328 1175 2399 ds

134 2506 214 2576 rege
227 2484 375 2551 Thracio
396 2482 562 2576 legeram,
576 2483 634 2574 qui
652 2483 790 2550 miseros
806 2480 953 2575 hospites
966 2476 1175 2572 ferinisequis

136 2627 205 2694 suis
225 2624 419 2694 lacerandos
441 2624 719 2717 devorandosque
743 2624 946 2719 porrigebat.
977 2624 1072 2693 Adeo
1097 2644 1175 2717 prse-

136 2785 256 2865 potens
277 2770 332 2840 ille
352 2784 512 2867 tyrannus
531 2770 578 2838 sic
597 2793 716 2862 parcus
733 2769 851 2838 hordei
872 2767 956 2855 fuit,
978 2782 1014 2835 ut
1032 2767 1175 2836 edacium

135 2915 369 3007 jumentorum
397 2914 519 2983 famem
543 2938 724 3008 corporum
754 2914 978 2981 humanorum
1007 2910 1174 3006 largitione

141 3059 282 3129 sedaret.
305 3059 358 3128 Ad
382 3058 536 3127 eumdem
563 3057 701 3127 modum
732 3057 910 3126 distractus
935 3071 967 3125 et
994 3058 1065 3150 ipse
1085 3050 1172 3123 variis

137 3230 303 3300 equorum
319 3204 527 3292 incursibus,
546 3227 681 3273 rursum
702 3201 843 3271 molares
862 3202 936 3272 illos
955 3203 1116 3272 circuitus
1134 3220 1172 3267 re·

138 3352 323 3448 quirebam.

187 3524 315 3593 Verum
340 3522 489 3592 Fortuna
518 3522 599 3587 meis
630 3519 834 3589 cruciatibus
859 3515 1057 3587 insatiabilis
1089 3514 1174 3585 alian

141 3666 250 3735 denuo
267 3668 349 3736 mihi
368 3681 498 3763 pestem
516 3668 684 3737 instruxit.
698 3666 844 3762 Delegor
856 3668 945 3735 enirn
965 3664 1061 3760 ligno
1074 3674 1175 3735 monu

141 3807 359 3903 devehundo,
387 3837 537 3908 puerque
561 3813 642 3882 mihi
661 3811 837 3905 praefectus
854 3812 1059 3906 imponitur,
1074 3807 1175 3880 omni·

141 3952 205 4023 bus
221 3956 327 4025 modis
345 3955 400 4027 ille
418 3956 553 4053 quidem
575 3981 658 4055 puer
675 3956 883 4026 deterrimus.
900 3957 970 4025 Ncc
989 3980 1044 4027 me
1066 3950 1175 4025 montt
