<?xml version="1.0" encoding="UTF-8"?>
<!DOCTYPE html PUBLIC "-//W3C//DTD XHTML 1.0 Transitional//EN"
    "http://www.w3.org/TR/xhtml1/DTD/xhtml1-transitional.dtd">
<html xmlns="http://www.w3.org/1999/xhtml" xml:lang="en" lang="en">
 <head>
  <title>
</title>
<meta http-equiv="Content-Type" content="text/html;charset=utf-8" />
  <meta name='ocr-system' content='tesseract 3.04.00' />
  <meta name='ocr-capabilities' content='ocr_page ocr_carea ocr_par ocr_line ocrx_word'/>
</head>
<body>
  <div class='ocr_page' id='page_1' title='image "apule00apulgoog_0064.png"; bbox 0 0 2596 4582; ppageno 0'>
   <div class='ocr_carea' id='block_1_1' title="bbox 215 308 1012 375">
    <p class='ocr_par' dir='ltr' id='par_1_1' title="bbox 215 308 1012 375">
     <span class='ocr_line' id='line_1_1' title="bbox 215 308 1012 375; baseline 0.006 -14"><span class='ocrx_word' id='word_1_1' title='bbox 215 308 252 375; x_wconf 68' lang='grc'><strong>48</strong></span> <span class='ocrx_word' id='word_1_2' title='bbox 442 309 810 364; x_wconf 74' lang='lat' dir='ltr'><strong>METnttonPHosnon</strong></span> <span class='ocrx_word' id='word_1_3' title='bbox 832 313 943 367; x_wconf 86' lang='lat' dir='ltr'><strong>LIBER</strong></span> <span class='ocrx_word' id='word_1_4' title='bbox 963 314 1012 368; x_wconf 86' lang='lat' dir='ltr'><strong>vl.</strong></span> 
     </span>
    </p>
   </div>
   <div class='ocr_carea' id='block_1_2' title="bbox 216 431 1255 506">
    <p class='ocr_par' dir='ltr' id='par_1_2' title="bbox 216 431 1255 506">
     <span class='ocr_line' id='line_1_2' title="bbox 216 431 1255 506; baseline 0.006 -6"><span class='ocrx_word' id='word_1_5' title='bbox 216 433 330 500; x_wconf 87' lang='lat' dir='ltr'><strong>saevire</strong></span> <span class='ocrx_word' id='word_1_6' title='bbox 356 431 485 500; x_wconf 80' lang='lat' dir='ltr'><strong>desiste.</strong></span> <span class='ocrx_word' id='word_1_7' title='bbox 516 435 573 500; x_wconf 83' lang='lat' dir='ltr'><strong>Sat</strong></span> <span class='ocrx_word' id='word_1_8' title='bbox 602 432 659 499; x_wconf 91' lang='lat' dir='ltr'><strong>tibi</strong></span> <span class='ocrx_word' id='word_1_9' title='bbox 690 435 817 501; x_wconf 89' lang='lat' dir='ltr'><strong>miseris</strong></span> <span class='ocrx_word' id='word_1_10' title='bbox 847 435 917 502; x_wconf 90' lang='lat' dir='ltr'><strong>istis</strong></span> <span class='ocrx_word' id='word_1_11' title='bbox 943 437 1146 505; x_wconf 84' lang='lat' dir='ltr'><strong>cruciatibus</strong></span> <span class='ocrx_word' id='word_1_12' title='bbox 1176 443 1255 506; x_wconf 90' lang='lat' dir='ltr'><strong>meis</strong></span> 
     </span>
    </p>
   </div>
   <div class='ocr_carea' id='block_1_3' title="bbox 216 560 1256 677">
    <p class='ocr_par' dir='ltr' id='par_1_3' title="bbox 216 560 1256 677">
     <span class='ocr_line' id='line_1_3' title="bbox 216 560 1256 677; baseline 0.009 -33"><span class='ocrx_word' id='word_1_13' title='bbox 216 577 345 646; x_wconf 85' lang='lat' dir='ltr'><strong>litatum</strong></span> <span class='ocrx_word' id='word_1_14' title='bbox 368 585 427 646; x_wconf 89' lang='lat' dir='ltr'><strong>est.</strong></span> <span class='ocrx_word' id='word_1_15' title='bbox 451 560 569 670; x_wconf 61' lang='lat' dir='ltr'><strong>Tuque</strong></span> <span class='ocrx_word' id='word_1_16' title='bbox 591 576 779 670; x_wconf 83' lang='lat' dir='ltr'><strong>praesidinm</strong></span> <span class='ocrx_word' id='word_1_17' title='bbox 803 603 884 646; x_wconf 83' lang='lat' dir='ltr'><strong>meoe</strong></span> <span class='ocrx_word' id='word_1_18' title='bbox 907 576 1089 668; x_wconf 81' lang='lat' dir='ltr'>libertatis,</span> <span class='ocrx_word' id='word_1_19' title='bbox 1111 607 1256 677; x_wconf 86' lang='lat' dir='ltr'><strong>meaeque</strong></span> 
     </span>
    </p>
   </div>
   <div class='ocr_carea' id='block_1_4' title="bbox 215 719 1256 3137">
    <p class='ocr_par' dir='ltr' id='par_1_4' title="bbox 215 719 1256 3137">
     <span class='ocr_line' id='line_1_4' title="bbox 215 719 1254 820; baseline 0.006 -31"><span class='ocrx_word' id='word_1_20' title='bbox 215 719 351 809; x_wconf 90' lang='lat' dir='ltr'><strong>salutis,</strong></span> <span class='ocrx_word' id='word_1_21' title='bbox 372 721 399 789; x_wconf 89' lang='lat' dir='ltr'><strong>si</strong></span> <span class='ocrx_word' id='word_1_22' title='bbox 424 744 475 787; x_wconf 94' lang='lat' dir='ltr'><strong>me</strong></span> <span class='ocrx_word' id='word_1_23' title='bbox 498 719 635 788; x_wconf 88' lang='lat' dir='ltr'><strong>domum</strong></span> <span class='ocrx_word' id='word_1_24' title='bbox 658 722 844 813; x_wconf 80' lang='lat' dir='ltr'>pervexeris</span> <span class='ocrx_word' id='word_1_25' title='bbox 868 721 1089 813; x_wconf 90' lang='lat' dir='ltr'><strong>incolumem,</strong></span> <span class='ocrx_word' id='word_1_26' title='bbox 1109 729 1254 820; x_wconf 90' lang='lat' dir='ltr'><strong>parenti·</strong></span> 
     </span>
     <span class='ocr_line' id='line_1_5' title="bbox 216 862 1255 962; baseline 0.006 -31"><span class='ocrx_word' id='word_1_27' title='bbox 216 866 344 958; x_wconf 89' lang='lat' dir='ltr'><strong>busque</strong></span> <span class='ocrx_word' id='word_1_28' title='bbox 366 878 399 931; x_wconf 89' lang='lat' dir='ltr'><strong>et</strong></span> <span class='ocrx_word' id='word_1_29' title='bbox 423 862 569 931; x_wconf 89' lang='lat' dir='ltr'><strong>formoso</strong></span> <span class='ocrx_word' id='word_1_30' title='bbox 594 887 696 956; x_wconf 89' lang='lat' dir='ltr'><strong>proco</strong></span> <span class='ocrx_word' id='word_1_31' title='bbox 720 862 923 951; x_wconf 78' lang='lat' dir='ltr'><strong>reddideris,</strong></span> <span class='ocrx_word' id='word_1_32' title='bbox 945 891 1026 960; x_wconf 90' lang='lat' dir='ltr'><strong>quas</strong></span> <span class='ocrx_word' id='word_1_33' title='bbox 1049 868 1108 935; x_wconf 89' lang='lat' dir='ltr'><strong>tibi</strong></span> <span class='ocrx_word' id='word_1_34' title='bbox 1132 871 1255 962; x_wconf 82' lang='lat' dir='ltr'><strong>gratias</strong></span> 
     </span>
     <span class='ocr_line' id='line_1_6' title="bbox 217 1007 1253 1120; baseline 0.001 -42"><span class='ocrx_word' id='word_1_35' title='bbox 217 1008 414 1105; x_wconf 86' lang='lat' dir='ltr'><strong>perhibebo,</strong></span> <span class='ocrx_word' id='word_1_36' title='bbox 433 1032 517 1100; x_wconf 89' lang='lat' dir='ltr'><strong>quos</strong></span> <span class='ocrx_word' id='word_1_37' title='bbox 536 1008 679 1120; x_wconf 81' lang='lat' dir='ltr'><strong>honores</strong></span> <span class='ocrx_word' id='word_1_38' title='bbox 696 1007 846 1095; x_wconf 89' lang='lat' dir='ltr'><strong>habebo,</strong></span> <span class='ocrx_word' id='word_1_39' title='bbox 865 1034 947 1102; x_wconf 92' lang='lat' dir='ltr'><strong>quos</strong></span> <span class='ocrx_word' id='word_1_40' title='bbox 965 1011 1056 1078; x_wconf 89' lang='lat' dir='ltr'><strong>cibos</strong></span> <span class='ocrx_word' id='word_1_41' title='bbox 1072 1009 1253 1080; x_wconf 82' lang='lat' dir='ltr'><strong>exhibebo!</strong></span> 
     </span>
     <span class='ocr_line' id='line_1_7' title="bbox 216 1152 1256 1247; baseline 0.001 -25"><span class='ocrx_word' id='word_1_42' title='bbox 216 1159 287 1222; x_wconf 85' lang='lat' dir='ltr'><strong>Jam</strong></span> <span class='ocrx_word' id='word_1_43' title='bbox 309 1155 454 1247; x_wconf 92' lang='lat' dir='ltr'><strong>primum</strong></span> <span class='ocrx_word' id='word_1_44' title='bbox 469 1152 583 1245; x_wconf 89' lang='lat' dir='ltr'><strong>jubam</strong></span> <span class='ocrx_word' id='word_1_45' title='bbox 606 1152 700 1218; x_wconf 88' lang='lat' dir='ltr'><strong>istam</strong></span> <span class='ocrx_word' id='word_1_46' title='bbox 723 1165 815 1220; x_wconf 88' lang='lat' dir='ltr'><strong>tuam</strong></span> <span class='ocrx_word' id='word_1_47' title='bbox 838 1154 940 1245; x_wconf 91' lang='lat' dir='ltr'><strong>probe</strong></span> <span class='ocrx_word' id='word_1_48' title='bbox 957 1155 1156 1247; x_wconf 78' lang='lat' dir='ltr'><strong>pectinatam</strong></span> <span class='ocrx_word' id='word_1_49' title='bbox 1173 1158 1256 1225; x_wconf 74' lang='lat' dir='ltr'><strong>ineis</strong></span> 
     </span>
     <span class='ocr_line' id='line_1_8' title="bbox 217 1295 1256 1393; baseline 0.003 -29"><span class='ocrx_word' id='word_1_50' title='bbox 217 1296 432 1393; x_wconf 81' lang='lat' dir='ltr'><strong>virginalibus</strong></span> <span class='ocrx_word' id='word_1_51' title='bbox 460 1295 612 1364; x_wconf 90' lang='lat' dir='ltr'><strong>manibus</strong></span> <span class='ocrx_word' id='word_1_52' title='bbox 638 1295 832 1383; x_wconf 79' lang='lat' dir='ltr'><strong>adornab03</strong></span> <span class='ocrx_word' id='word_1_53' title='bbox 858 1295 1000 1364; x_wconf 85' lang='lat' dir='ltr'><strong>frontem</strong></span> <span class='ocrx_word' id='word_1_54' title='bbox 1027 1320 1105 1364; x_wconf 92' lang='lat' dir='ltr'><strong>vero</strong></span> <span class='ocrx_word' id='word_1_55' title='bbox 1133 1299 1256 1393; x_wconf 89' lang='lat' dir='ltr'><strong>crispa·</strong></span> 
     </span>
     <span class='ocr_line' id='line_1_9' title="bbox 217 1438 1253 1535; baseline 0.001 -26"><span class='ocrx_word' id='word_1_56' title='bbox 217 1457 284 1511; x_wconf 92' lang='lat' dir='ltr'><strong>tam</strong></span> <span class='ocrx_word' id='word_1_57' title='bbox 306 1442 396 1535; x_wconf 92' lang='lat' dir='ltr'><strong>prius</strong></span> <span class='ocrx_word' id='word_1_58' title='bbox 423 1438 587 1508; x_wconf 86' lang='lat' dir='ltr'><strong>decoriter</strong></span> <span class='ocrx_word' id='word_1_59' title='bbox 607 1438 863 1526; x_wconf 85' lang='lat' dir='ltr'><strong>discriminab03</strong></span> <span class='ocrx_word' id='word_1_60' title='bbox 884 1439 1064 1533; x_wconf 86' lang='lat' dir='ltr'><strong>caudaeque</strong></span> <span class='ocrx_word' id='word_1_61' title='bbox 1086 1455 1172 1510; x_wconf 89' lang='lat' dir='ltr'><strong>setas</strong></span> <span class='ocrx_word' id='word_1_62' title='bbox 1202 1443 1253 1510; x_wconf 92' lang='lat' dir='ltr'><strong>in-</strong></span> 
     </span>
     <span class='ocr_line' id='line_1_10' title="bbox 220 1583 1255 1683; baseline -0.001 -25"><span class='ocrx_word' id='word_1_63' title='bbox 220 1589 311 1658; x_wconf 90' lang='lat' dir='ltr'><strong>curia</strong></span> <span class='ocrx_word' id='word_1_64' title='bbox 338 1584 460 1654; x_wconf 90' lang='lat' dir='ltr'><strong>lavacri</strong></span> <span class='ocrx_word' id='word_1_65' title='bbox 494 1599 665 1678; x_wconf 89' lang='lat' dir='ltr'><strong>congestas</strong></span> <span class='ocrx_word' id='word_1_66' title='bbox 696 1600 728 1652; x_wconf 91' lang='lat' dir='ltr'><strong>et</strong></span> <span class='ocrx_word' id='word_1_67' title='bbox 758 1583 909 1654; x_wconf 90' lang='lat' dir='ltr'><strong>horridas</strong></span> <span class='ocrx_word' id='word_1_68' title='bbox 941 1600 1049 1654; x_wconf 91' lang='lat' dir='ltr'><strong>comta</strong></span> <span class='ocrx_word' id='word_1_69' title='bbox 1078 1585 1255 1683; x_wconf 87' lang='lat' dir='ltr'><strong>diligentia</strong></span> 
     </span>
     <span class='ocr_line' id='line_1_11' title="bbox 220 1726 1256 1827; baseline 0.003 -26"><span class='ocrx_word' id='word_1_70' title='bbox 220 1729 393 1827; x_wconf 89' lang='lat' dir='ltr'><strong>perpolibo</strong></span> <span class='ocrx_word' id='word_1_71' title='bbox 412 1755 419 1796; x_wconf 76' lang='grc' dir='ltr'><strong>ε</strong></span> <span class='ocrx_word' id='word_1_72' title='bbox 439 1726 616 1797; x_wconf 90' lang='lat' dir='ltr'><strong>monilibus</strong></span> <span class='ocrx_word' id='word_1_73' title='bbox 638 1727 801 1823; x_wconf 89' lang='lat' dir='ltr'><strong>bullisque</strong></span> <span class='ocrx_word' id='word_1_74' title='bbox 824 1743 855 1798; x_wconf 91' lang='lat' dir='ltr'><strong>te</strong></span> <span class='ocrx_word' id='word_1_75' title='bbox 878 1729 989 1800; x_wconf 88' lang='lat' dir='ltr'><strong>multis</strong></span> <span class='ocrx_word' id='word_1_76' title='bbox 1010 1733 1119 1801; x_wconf 91' lang='lat' dir='ltr'><strong>aureis</strong></span> <span class='ocrx_word' id='word_1_77' title='bbox 1141 1735 1256 1804; x_wconf 88' lang='lat' dir='ltr'><strong>inocu-</strong></span> 
     </span>
     <span class='ocr_line' id='line_1_12' title="bbox 218 1870 1255 1972; baseline 0.002 -28"><span class='ocrx_word' id='word_1_78' title='bbox 218 1875 345 1959; x_wconf 88' lang='lat' dir='ltr'><strong>latum,</strong></span> <span class='ocrx_word' id='word_1_79' title='bbox 363 1871 464 1939; x_wconf 90' lang='lat' dir='ltr'><strong>veluti</strong></span> <span class='ocrx_word' id='word_1_80' title='bbox 483 1870 584 1939; x_wconf 89' lang='lat' dir='ltr'><strong>stellis</strong></span> <span class='ocrx_word' id='word_1_81' title='bbox 602 1870 738 1940; x_wconf 88' lang='lat' dir='ltr'><strong>sidereis</strong></span> <span class='ocrx_word' id='word_1_82' title='bbox 756 1871 981 1961; x_wconf 86' lang='lat' dir='ltr'><strong>relucentem,</strong></span> <span class='ocrx_word' id='word_1_83' title='bbox 999 1890 1032 1942; x_wconf 94' lang='lat' dir='ltr'><strong>et</strong></span> <span class='ocrx_word' id='word_1_84' title='bbox 1045 1876 1179 1970; x_wconf 89' lang='lat' dir='ltr'><strong>gaudiis</strong></span> <span class='ocrx_word' id='word_1_85' title='bbox 1198 1903 1255 1972; x_wconf 93' lang='lat' dir='ltr'><strong>po-</strong></span> 
     </span>
     <span class='ocr_line' id='line_1_13' title="bbox 219 2017 1253 2115; baseline 0.002 -27"><span class='ocrx_word' id='word_1_86' title='bbox 219 2019 384 2114; x_wconf 88' lang='lat' dir='ltr'><strong>pularium</strong></span> <span class='ocrx_word' id='word_1_87' title='bbox 409 2040 605 2110; x_wconf 86' lang='lat' dir='ltr'><strong>pomparum</strong></span> <span class='ocrx_word' id='word_1_88' title='bbox 630 2031 806 2100; x_wconf 88' lang='lat' dir='ltr'><strong>ovantem,</strong></span> <span class='ocrx_word' id='word_1_89' title='bbox 834 2017 906 2086; x_wconf 90' lang='lat' dir='ltr'><strong>sinn</strong></span> <span class='ocrx_word' id='word_1_90' title='bbox 932 2022 1037 2088; x_wconf 87' lang='lat' dir='ltr'><strong>serico</strong></span> <span class='ocrx_word' id='word_1_91' title='bbox 1062 2036 1253 2115; x_wconf 83' lang='lat' dir='ltr'><strong>progestans</strong></span> 
     </span>
     <span class='ocr_line' id='line_1_14' title="bbox 219 2158 1254 2259; baseline 0.002 -25"><span class='ocrx_word' id='word_1_92' title='bbox 219 2162 373 2249; x_wconf 91' lang='lat' dir='ltr'><strong>nucleos,</strong></span> <span class='ocrx_word' id='word_1_93' title='bbox 389 2158 498 2229; x_wconf 88' lang='lat' dir='ltr'><strong>edulia</strong></span> <span class='ocrx_word' id='word_1_94' title='bbox 517 2161 664 2243; x_wconf 83' lang='lat' dir='ltr'><strong>mitiora,</strong></span> <span class='ocrx_word' id='word_1_95' title='bbox 684 2176 716 2230; x_wconf 89' lang='lat' dir='ltr'><strong>te</strong></span> <span class='ocrx_word' id='word_1_96' title='bbox 732 2187 840 2231; x_wconf 89' lang='lat' dir='ltr'><strong>meum</strong></span> <span class='ocrx_word' id='word_1_97' title='bbox 858 2167 1087 2259; x_wconf 86' lang='lat' dir='ltr'><strong>sospitatorem</strong></span> <span class='ocrx_word' id='word_1_98' title='bbox 1104 2167 1254 2259; x_wconf 91' lang='lat' dir='ltr'><strong>quotidie</strong></span> 
     </span>
     <span class='ocr_line' id='line_1_15' title="bbox 219 2303 1251 2406; baseline 0.003 -29"><span class='ocrx_word' id='word_1_99' title='bbox 219 2307 387 2403; x_wconf 88' lang='lat' dir='ltr'><strong>saginabo.</strong></span> <span class='ocrx_word' id='word_1_100' title='bbox 410 2303 475 2374; x_wconf 88' lang='lat' dir='ltr'><strong>Sed</strong></span> <span class='ocrx_word' id='word_1_101' title='bbox 500 2328 561 2371; x_wconf 89' lang='lat' dir='ltr'><strong>nee</strong></span> <span class='ocrx_word' id='word_1_102' title='bbox 587 2305 671 2373; x_wconf 87' lang='lat' dir='ltr'><strong>inter</strong></span> <span class='ocrx_word' id='word_1_103' title='bbox 693 2306 785 2374; x_wconf 91' lang='lat' dir='ltr'><strong>cibos</strong></span> <span class='ocrx_word' id='word_1_104' title='bbox 807 2305 981 2396; x_wconf 88' lang='lat' dir='ltr'><strong>delicatos,</strong></span> <span class='ocrx_word' id='word_1_105' title='bbox 1000 2324 1033 2377; x_wconf 90' lang='lat' dir='ltr'><strong>et</strong></span> <span class='ocrx_word' id='word_1_106' title='bbox 1051 2311 1157 2379; x_wconf 92' lang='lat' dir='ltr'><strong>otium</strong></span> <span class='ocrx_word' id='word_1_107' title='bbox 1178 2337 1251 2406; x_wconf 88' lang='lat' dir='ltr'><strong>pro·</strong></span> 
     </span>
     <span class='ocr_line' id='line_1_16' title="bbox 219 2452 1252 2553; baseline 0.003 -30"><span class='ocrx_word' id='word_1_108' title='bbox 219 2456 377 2533; x_wconf 80' lang='lat' dir='ltr'><strong>fundum,</strong></span> <span class='ocrx_word' id='word_1_109' title='bbox 396 2457 535 2548; x_wconf 75' lang='lat' dir='ltr'><strong>vitaeque</strong></span> <span class='ocrx_word' id='word_1_110' title='bbox 552 2455 653 2523; x_wconf 89' lang='lat' dir='ltr'><strong>totius</strong></span> <span class='ocrx_word' id='word_1_111' title='bbox 670 2452 926 2534; x_wconf 87' lang='lat' dir='ltr'><strong>beatitudinem,</strong></span> <span class='ocrx_word' id='word_1_112' title='bbox 943 2456 1046 2524; x_wconf 90' lang='lat' dir='ltr'><strong>deerit</strong></span> <span class='ocrx_word' id='word_1_113' title='bbox 1064 2457 1125 2525; x_wconf 90' lang='lat' dir='ltr'><strong>tibi</strong></span> <span class='ocrx_word' id='word_1_114' title='bbox 1143 2457 1252 2553; x_wconf 89' lang='lat' dir='ltr'><strong>digni·</strong></span> 
     </span>
     <span class='ocr_line' id='line_1_17' title="bbox 217 2601 1252 2696; baseline 0.005 -25"><span class='ocrx_word' id='word_1_115' title='bbox 217 2620 266 2671; x_wconf 90' lang='lat' dir='ltr'><strong>tas</strong></span> <span class='ocrx_word' id='word_1_116' title='bbox 287 2601 439 2696; x_wconf 88' lang='lat' dir='ltr'><strong>gloriosa.</strong></span> <span class='ocrx_word' id='word_1_117' title='bbox 472 2605 557 2671; x_wconf 90' lang='lat' dir='ltr'><strong>Nam</strong></span> <span class='ocrx_word' id='word_1_118' title='bbox 584 2602 777 2669; x_wconf 88' lang='lat' dir='ltr'><strong>memoriam</strong></span> <span class='ocrx_word' id='word_1_119' title='bbox 801 2604 969 2694; x_wconf 87' lang='lat' dir='ltr'><strong>praesentis</strong></span> <span class='ocrx_word' id='word_1_120' title='bbox 993 2608 1150 2674; x_wconf 86' lang='lat' dir='ltr'><strong>Fortunae</strong></span> <span class='ocrx_word' id='word_1_121' title='bbox 1175 2632 1252 2677; x_wconf 79' lang='lat' dir='ltr'><strong>mea</strong></span> 
     </span>
     <span class='ocr_line' id='line_1_18' title="bbox 216 2740 1248 2841; baseline 0.005 -32"><span class='ocrx_word' id='word_1_122' title='bbox 216 2744 400 2835; x_wconf 87' lang='lat' dir='ltr'><strong>divinaeque</strong></span> <span class='ocrx_word' id='word_1_123' title='bbox 430 2740 645 2836; x_wconf 89' lang='lat' dir='ltr'><strong>providentiae</strong></span> <span class='ocrx_word' id='word_1_124' title='bbox 683 2756 841 2834; x_wconf 86' lang='lat' dir='ltr'><strong>perpetua</strong></span> <span class='ocrx_word' id='word_1_125' title='bbox 872 2745 1049 2812; x_wconf 89' lang='lat' dir='ltr'><strong>testatione</strong></span> <span class='ocrx_word' id='word_1_126' title='bbox 1075 2746 1248 2841; x_wconf 84' lang='lat' dir='ltr'><strong>signabo:</strong></span> 
     </span>
     <span class='ocr_line' id='line_1_19' title="bbox 216 2884 1251 2984; baseline 0.005 -29"><span class='ocrx_word' id='word_1_127' title='bbox 216 2901 250 2955; x_wconf 90' lang='lat' dir='ltr'><strong>et</strong></span> <span class='ocrx_word' id='word_1_128' title='bbox 273 2885 438 2980; x_wconf 87' lang='lat' dir='ltr'><strong>depictam</strong></span> <span class='ocrx_word' id='word_1_129' title='bbox 464 2887 498 2953; x_wconf 93' lang='lat' dir='ltr'><strong>in</strong></span> <span class='ocrx_word' id='word_1_130' title='bbox 524 2884 637 2953; x_wconf 89' lang='lat' dir='ltr'><strong>tabula</strong></span> <span class='ocrx_word' id='word_1_131' title='bbox 662 2884 747 2980; x_wconf 86' lang='lat' dir='ltr'><strong>fngae</strong></span> <span class='ocrx_word' id='word_1_132' title='bbox 773 2889 943 2980; x_wconf 73' lang='lat' dir='ltr'><strong>praesentis</strong></span> <span class='ocrx_word' id='word_1_133' title='bbox 968 2888 1145 2984; x_wconf 82' lang='lat' dir='ltr'><strong>imaginem</strong></span> <span class='ocrx_word' id='word_1_134' title='bbox 1172 2915 1251 2959; x_wconf 84' lang='lat' dir='ltr'><strong>meae</strong></span> 
     </span>
     <span class='ocr_line' id='line_1_20' title="bbox 215 3028 1249 3137; baseline 0.004 -39"><span class='ocrx_word' id='word_1_135' title='bbox 215 3031 332 3100; x_wconf 91' lang='lat' dir='ltr'><strong>domus</strong></span> <span class='ocrx_word' id='word_1_136' title='bbox 352 3031 437 3097; x_wconf 91' lang='lat' dir='ltr'><strong>atrio</strong></span> <span class='ocrx_word' id='word_1_137' title='bbox 459 3028 804 3137; x_wconf 43' lang='lat' dir='ltr'><strong>dedicabo3Visetur,</strong></span> <span class='ocrx_word' id='word_1_138' title='bbox 824 3044 856 3097; x_wconf 85' lang='lat' dir='ltr'><strong>et</strong></span> <span class='ocrx_word' id='word_1_139' title='bbox 880 3031 914 3096; x_wconf 90' lang='lat' dir='ltr'><strong>in</strong></span> <span class='ocrx_word' id='word_1_140' title='bbox 938 3029 1058 3100; x_wconf 87' lang='lat' dir='ltr'><strong>fabulis</strong></span> <span class='ocrx_word' id='word_1_141' title='bbox 1079 3033 1249 3123; x_wconf 89' lang='lat' dir='ltr'><strong>audietur,</strong></span> 
     </span>
    </p>
   </div>
   <div class='ocr_carea' id='block_1_5' title="bbox 213 3174 1270 3271">
    <p class='ocr_par' dir='ltr' id='par_1_5' title="bbox 213 3174 1270 3271">
     <span class='ocr_line' id='line_1_21' title="bbox 213 3174 1270 3271; baseline 0.003 -25"><span class='ocrx_word' id='word_1_142' title='bbox 213 3179 452 3271; x_wconf 87' lang='lat' dir='ltr'><strong>doctorumque</strong></span> <span class='ocrx_word' id='word_1_143' title='bbox 474 3174 557 3246; x_wconf 89' lang='lat' dir='ltr'><strong>stilis</strong></span> <span class='ocrx_word' id='word_1_144' title='bbox 577 3176 668 3245; x_wconf 87' lang='lat' dir='ltr'><strong>rudis</strong></span> <span class='ocrx_word' id='word_1_145' title='bbox 688 3177 939 3271; x_wconf 86' lang='lat' dir='ltr'><strong>perpetuabitur</strong></span> <span class='ocrx_word' id='word_1_146' title='bbox 957 3178 1092 3248; x_wconf 89' lang='lat' dir='ltr'><strong>historia</strong></span> <span class='ocrx_word' id='word_1_147' title='bbox 1115 3208 1123 3250; x_wconf 92' lang='lat'><strong>:</strong></span> <span class='ocrx_word' id='word_1_148' title='bbox 1148 3207 1248 3254; x_wconf 84' lang='lat' dir='ltr'><strong>asmo</strong></span> <span class='ocrx_word' id='word_1_149' title='bbox 1268 3244 1270 3249; x_wconf 89' lang='lat'><em>.</em></span> 
     </span>
    </p>
   </div>
   <div class='ocr_carea' id='block_1_6' title="bbox 213 3333 1249 3402">
    <p class='ocr_par' dir='ltr' id='par_1_6' title="bbox 213 3333 1249 3402">
     <span class='ocr_line' id='line_1_22' title="bbox 213 3333 1249 3402; baseline 0.004 -6"><span class='ocrx_word' id='word_1_150' title='bbox 213 3352 371 3399; x_wconf 83' lang='lat' dir='ltr'><strong>VECTORE</strong></span> <span class='ocrx_word' id='word_1_151' title='bbox 390 3349 499 3397; x_wconf 84' lang='lat' dir='ltr'>VIRGO</span> <span class='ocrx_word' id='word_1_152' title='bbox 518 3350 627 3397; x_wconf 78' lang='lat' dir='ltr'><strong>neela</strong></span> <span class='ocrx_word' id='word_1_153' title='bbox 647 3350 795 3397; x_wconf 71' lang='lat' dir='ltr'><strong>nucleus</strong></span> <span class='ocrx_word' id='word_1_154' title='bbox 816 3350 1086 3399; x_wconf 73' lang='grc' dir='ltr'><strong>ΟΑΡΤΙἮΤΑΤΕΜ.</strong></span> <span class='ocrx_word' id='word_1_155' title='bbox 1108 3333 1249 3402; x_wconf 71' lang='lat' dir='ltr'><strong>Accedes</strong></span> 
     </span>
    </p>
   </div>
   <div class='ocr_carea' id='block_1_7' title="bbox 212 3473 1248 3857">
    <p class='ocr_par' dir='ltr' id='par_1_7' title="bbox 212 3473 1248 3857">
     <span class='ocr_line' id='line_1_23' title="bbox 212 3473 1248 3575; baseline 0.007 -30"><span class='ocrx_word' id='word_1_156' title='bbox 212 3477 357 3569; x_wconf 87' lang='lat' dir='ltr'><strong>antiquis</strong></span> <span class='ocrx_word' id='word_1_157' title='bbox 372 3490 405 3543; x_wconf 90' lang='lat' dir='ltr'><strong>et</strong></span> <span class='ocrx_word' id='word_1_158' title='bbox 422 3476 491 3568; x_wconf 92' lang='lat' dir='ltr'><strong>ipse</strong></span> <span class='ocrx_word' id='word_1_159' title='bbox 509 3473 684 3543; x_wconf 87' lang='lat' dir='ltr'><strong>miraculis.</strong></span> <span class='ocrx_word' id='word_1_160' title='bbox 703 3475 886 3544; x_wconf 90' lang='lat' dir='ltr'><strong>Credemus</strong></span> <span class='ocrx_word' id='word_1_161' title='bbox 901 3478 999 3545; x_wconf 91' lang='lat' dir='ltr'><strong>etiam</strong></span> <span class='ocrx_word' id='word_1_162' title='bbox 1017 3477 1170 3575; x_wconf 81' lang='lat' dir='ltr'><strong>exetnplo</strong></span> <span class='ocrx_word' id='word_1_163' title='bbox 1188 3497 1248 3551; x_wconf 83' lang='lat' dir='ltr'><strong>tuae</strong></span> 
     </span>
     <span class='ocr_line' id='line_1_24' title="bbox 212 3600 1247 3710; baseline 0.007 -24"><span class='ocrx_word' id='word_1_164' title='bbox 212 3620 379 3705; x_wconf 86' lang='lat' dir='ltr'><strong>veritatis,</strong></span> <span class='ocrx_word' id='word_1_165' title='bbox 402 3632 433 3685; x_wconf 88' lang='lat' dir='ltr'><strong>et</strong></span> <span class='ocrx_word' id='word_1_166' title='bbox 459 3603 626 3710; x_wconf 81' lang='lat' dir='ltr'><strong>Phryxum</strong></span> <span class='ocrx_word' id='word_1_167' title='bbox 649 3617 743 3685; x_wconf 84' lang='lat' dir='ltr'><strong>arieti</strong></span> <span class='ocrx_word' id='word_1_168' title='bbox 766 3634 1014 3710; x_wconf 86' lang='lat' dir='ltr'><strong>supernatasse,</strong></span> <span class='ocrx_word' id='word_1_169' title='bbox 1036 3636 1069 3689; x_wconf 89' lang='lat' dir='ltr'><strong>et</strong></span> <span class='ocrx_word' id='word_1_170' title='bbox 1091 3600 1247 3693; x_wconf 83' lang='lat' dir='ltr'><strong>Arionem</strong></span> 
     </span>
     <span class='ocr_line' id='line_1_25' title="bbox 212 3760 1246 3857; baseline 0.006 -30"><span class='ocrx_word' id='word_1_171' title='bbox 212 3760 370 3855; x_wconf 91' lang='lat' dir='ltr'><strong>delphino</strong></span> <span class='ocrx_word' id='word_1_172' title='bbox 393 3762 611 3854; x_wconf 86' lang='lat' dir='ltr'><strong>gubernasse,</strong></span> <span class='ocrx_word' id='word_1_173' title='bbox 636 3778 667 3828; x_wconf 88' lang='lat' dir='ltr'><strong>et</strong></span> <span class='ocrx_word' id='word_1_174' title='bbox 690 3764 858 3855; x_wconf 90' lang='lat' dir='ltr'><strong>Europam</strong></span> <span class='ocrx_word' id='word_1_175' title='bbox 882 3777 978 3831; x_wconf 90' lang='lat' dir='ltr'><strong>tauro</strong></span> <span class='ocrx_word' id='word_1_176' title='bbox 1002 3767 1246 3857; x_wconf 90' lang='lat' dir='ltr'><strong>supercubasse.</strong></span> 
     </span>
    </p>
   </div>
   <div class='ocr_carea' id='block_1_8' title="bbox 211 3907 1248 4003">
    <p class='ocr_par' dir='ltr' id='par_1_8' title="bbox 211 3907 1248 4003">
     <span class='ocr_line' id='line_1_26' title="bbox 211 3907 1248 4003; baseline 0.009 -29"><span class='ocrx_word' id='word_1_177' title='bbox 211 3907 312 3998; x_wconf 84' lang='lat' dir='ltr'><strong>Quod</strong></span> <span class='ocrx_word' id='word_1_178' title='bbox 331 3911 356 3975; x_wconf 91' lang='lat' dir='ltr'><strong>si</strong></span> <span class='ocrx_word' id='word_1_179' title='bbox 374 3934 451 3976; x_wconf 89' lang='lat' dir='ltr'><strong>vere</strong></span> <span class='ocrx_word' id='word_1_180' title='bbox 469 3909 597 4000; x_wconf 86' lang='lat' dir='ltr'><strong>Jupiter</strong></span> <span class='ocrx_word' id='word_1_181' title='bbox 615 3908 752 4000; x_wconf 80' lang='lat' dir='ltr'><strong>rnrrgivit</strong></span> <span class='ocrx_word' id='word_1_182' title='bbox 772 3910 802 3975; x_wconf 92' lang='lat' dir='ltr'><strong>in</strong></span> <span class='ocrx_word' id='word_1_183' title='bbox 822 3910 955 3998; x_wconf 82' lang='lat' dir='ltr'><strong>horem3</strong></span> <span class='ocrx_word' id='word_1_184' title='bbox 974 3927 1083 4003; x_wconf 91' lang='lat' dir='ltr'><strong>potest</strong></span> <span class='ocrx_word' id='word_1_185' title='bbox 1103 3914 1134 3981; x_wconf 89' lang='lat' dir='ltr'><strong>in</strong></span> <span class='ocrx_word' id='word_1_186' title='bbox 1158 3917 1248 3983; x_wconf 89' lang='lat' dir='ltr'><strong>asino</strong></span> 
     </span>
    </p>
   </div>
   <div class='ocr_carea' id='block_1_9' title="bbox 0 0 1302 4582">
    <p class='ocr_par' dir='ltr' id='par_1_9' title="bbox 0 0 1302 4582">
     <span class='ocr_line' id='line_1_27' title="bbox 0 0 1302 4582; baseline 0 2"><span class='ocrx_word' id='word_1_187' title='bbox 0 0 1302 4582; x_wconf 95' lang='lat' dir='ltr'><strong> </strong></span> 
     </span>
    </p>
   </div>
  </div>
 </body>
</html>
