2596 4582
365 268 728 360 uurnuoarnosnou
749 305 859 358 uranu
879 304 927 356 vr.

101 444 105 449 “
128 429 180 495 dei
201 429 275 496 fana
295 443 327 496 et
342 431 534 497 cerimonias
548 428 709 524 negligere
725 453 759 497 se
786 428 923 513 debere,
947 424 1003 494 sed
1019 426 1167 507 omnium

131 571 318 641 benivolam
328 572 583 642 misericordiam
595 596 777 667 corrogare.

185 773 263 836 Haec
281 793 353 836 eam
372 767 511 837 sollicite
537 767 719 861 seduloque
741 781 933 840 curantem.
957 769 1057 835 Ceres
1082 765 1167 833 alma

138 911 370 1005 deprehendit3
390 927 423 980 ct
440 911 578 1008 longum
596 910 756 980 exclamat
774 912 944 1003 protinus:
957 910 1029 996 Ah,
1044 911 1168 1003 Psyche

139 1052 338 1123 miseranda!
355 1070 465 1125 totum
481 1080 540 1148 per
559 1055 672 1122 orbem
684 1047 803 1122 ¹Venus
823 1053 921 1120 anxia
940 1051 1169 1145 disquisitione

142 1215 235 1267 tuum
256 1200 427 1291 vestigium
448 1198 557 1266 furens
577 1198 676 1264 animi
695 1197 860 1289 requirit:
883 1209 982 1288 teque
1001 1194 1042 1263 ad
1060 1209 1168 1263 entre·

143 1367 233 1409 mum
257 1339 456 1435 supplicium
480 1342 629 1434 expetit,
653 1355 686 1408 et
709 1341 787 1408 totis
809 1342 957 1413 numinis
981 1340 1030 1407 sui
1049 1338 1173 1405 viribus

143 1485 306 1552 ultionem
325 1484 461 1578 flagitat.
477 1487 527 1552 Tu
542 1507 620 1551 vero
639 1508 748 1552 rerum
767 1508 914 1552 mearum
936 1482 1072 1552 tutelam
1085 1506 1173 1551 nunc

146 1634 249 1724 geris,
275 1646 307 1698 et
333 1628 422 1698 aliud
448 1630 627 1722 quidquam
655 1630 797 1724 cogitas,
821 1629 882 1696 nisi
903 1627 944 1694 (le
966 1642 1022 1695 tua
1045 1625 1175 1696 salute?

103 1872 104 1877 γ
146 1777 241 1842 Tunc
259 1774 382 1868 Psyche
400 1772 499 1867 pedes
519 1774 588 1865 ejus
606 1772 780 1854 advoluta,
801 1788 834 1840 et
850 1772 942 1840 uberi
966 1770 1046 1839 lletu
1066 1771 1176 1864 rigans

148 1917 217 1985 deae
239 1916 393 2010 vestigia,
412 1916 616 2007 humumque
637 1939 770 1982 verrens
787 1913 934 1981 crinibus
958 1914 1046 1998 suis,
1066 1911 1175 1982 multi-

147 2061 235 2155 jugis
261 2061 414 2153 precibus
439 2058 534 2126 editis
553 2057 682 2126 veniam
709 2054 914 2149 postulabat:

200 2325 262 2390 Per
281 2345 342 2415 ego
354 2335 386 2388 te
402 2318 593 2414 frugiferam
603 2333 694 2387 tuam
707 2316 874 2386 dexteram
892 2318 987 2386 istam
1002 2318 1179 2410 deprecor,

141 2489 213 2567 ¹per
238 2463 380 2531 laetificas
412 2464 567 2532 messium
600 2464 817 2549 cerimonias,
848 2487 905 2554 per
933 2464 1032 2530 tacita
1059 2477 1183 2531 secreta

155 2608 334 2686 cistarum,
351 2621 384 2674 et
403 2632 462 2700 per
477 2605 675 2674 famulorum
695 2621 829 2674 tuorum
848 2606 1028 2675 draconum
1046 2607 1184 2700 pinnata

156 2750 337 2836 curricula,
354 2765 386 2820 et
407 2749 510 2846 glebae
529 2748 645 2819 Siculae
669 2749 863 2832 sulcamina,
876 2766 915 2849 ‚el
932 2775 1066 2820 currum
1088 2776 1185 2845 rapa-

158 2921 248 2980 cem,
276 2911 307 2963 et
334 2911 454 2963 terram
486 2910 653 2977 tenacem,
674 2910 707 2964 et
735 2893 958 2964 illuminarum
983 2896 1186 2987 Proserpina

160 3042 351 3132 nuptiarum
373 3038 578 3124 demeacula,
605 3054 637 3107 ct
662 3039 902 3107 luminosarum
924 3036 998 3105 filiae
1021 3038 1186 3105 inventio·

160 3208 241 3251 num
263 3183 461 3270 remcacula,
485 3198 518 3251 et
537 3198 660 3266 cetera,
680 3207 753 3275 quae
770 3181 902 3250 silentio
921 3181 1003 3276 tegit
1026 3178 1187 3248 Eleusinis

161 3328 277 3398 Atticae
294 3328 492 3416 sacrarium,
512 3327 701 3395 miserandae
718 3328 857 3421 Psyches
882 3328 1013 3412 animae,
1033 3325 1190 3419 supplicis

162 3489 243 3558 tuae,
258 3472 407 3541 subsiste.
426 3476 517 3540 luter
527 3471 622 3540 istam
638 3473 804 3565 spicarum
818 3472 1005 3564 congeriem
1020 3482 1130 3563 patere
1140 3467 1190 3537 vel

163 3616 320 3711 pauculos
338 3615 406 3684 dies
425 3617 635 3697 delitescam
655 3615 765 3709 quoad
784 3616 852 3683 deae
872 3630 970 3684 tantae
987 3615 1124 3682 saeviens
1143 3615 1192 3682 ira

165 3765 270 3852 spatio
293 3760 450 3853 temporis
470 3761 651 3854 mitigetur,
676 3758 726 3827 vel
748 3774 836 3827 certe
858 3783 936 3826 meae
957 3762 1041 3826 vires
1060 3756 1192 3826 diutino

165 3905 276 3974 labore
294 3905 384 3977 lassae
403 3907 522 4000 quietis
543 3904 716 3975 intervallo
732 3903 908 3973 leniantur.
