2596 4582
132 312 166 366 16
368 312 729 369 METAMORPHOSEON
750 315 862 370 LIBER
882 316 931 369 Vl.

130 463 228 524 nem3
257 437 344 509 unde
367 464 419 506 me
439 438 595 532 praeclara
619 441 733 511 sobole
753 443 860 510 aviam
886 442 1016 510 beatam
1044 442 1168 512 scilicet

127 583 236 651 faciat.
256 580 347 651 Felix
363 609 442 652 vero
461 609 542 679 ego,
562 610 634 678 quae
652 589 685 654 in
703 589 773 680 ipso
792 588 896 654 aetatis
911 612 989 655 meae
1009 585 1090 655 llore
1107 613 1166 656 vo·

128 727 229 794 cabor
248 716 343 794 avia:
365 742 397 794 et
417 725 491 795 vilis
509 726 634 796 ancillae
652 727 738 799 lilius
763 754 864 822 nepos
881 731 1019 798 Veneris
1040 729 1164 800 audiet.

129 872 339 963 Quamquam
371 871 482 963 inepta
507 896 568 964 ego
594 870 717 940 frustra
739 871 843 940 filium
876 871 993 940 dicam.
1018 876 1167 968 impares

131 1015 219 1082 euim
253 1013 393 1107 nuptiae,
414 1028 446 1081 et
470 1030 629 1107 praeterea
657 1013 817 1096 invilla,
851 1017 922 1083 sine
947 1017 1103 1102 testibus,
1135 1034 1167 1087 et

130 1172 223 1251 patre
248 1182 314 1225 non
342 1158 569 1225 consentiente
600 1157 712 1243 factae,
743 1155 897 1251 legitima
932 1184 1005 1243 non!
1024 1177 1165 1254 possunt

131 1299 261 1369 videri:
284 1325 324 1368 ac
345 1325 402 1393 per
424 1302 486 1369 hoc
506 1302 639 1393 spurius
655 1303 715 1369 iste
736 1317 905 1390 nascetur3
919 1305 946 1372 si
965 1318 1074 1372 tamen
1089 1329 1166 1398 par·

128 1460 199 1512 tum
220 1446 356 1512 omnino
372 1444 519 1538 proferre
536 1459 567 1513 te
585 1446 756 1539 patiemur.

182 1808 241 1876 His
263 1808 378 1895 editis,
400 1807 526 1877 involat
543 1833 636 1897 eam,
655 1825 842 1902 vestemque
860 1808 1067 1902 plurifariam
1081 1780 1171 1877 dito-⁸

132 1952 215 2019 ricat
234 1948 443 2044 :capilloque
466 1950 625 2038 discisso,
647 1967 680 2021 et
699 1953 805 2045 capite
825 1966 1068 2044 conquassato,
1092 1977 1168 2046 gra·

133 2095 218 2161 viter
238 2093 377 2188 affligit,
403 2110 462 2181 et,
488 2110 623 2188 accepto
640 2094 807 2163 frumento
826 2111 859 2163 et
880 2093 1005 2164 hordeo
1024 2110 1058 2164 et
1074 2093 1167 2163 milio

132 2256 164 2308 et
187 2262 349 2334 papavere
378 2254 411 2306 et
435 2240 541 2308 cicere
565 2253 597 2307 et
618 2237 705 2307 lente
731 2254 764 2307 et
794 2240 887 2326 faba,
912 2240 1167 2333 commixtisque

133 2385 309 2452 acervatim
330 2383 542 2476 confusisque
561 2385 595 2451 in
613 2408 717 2452 unum
730 2382 938 2477 grumulum,
949 2385 995 2453 sic
1004 2383 1047 2453 ad
1057 2381 1166 2454 illam:

133 2526 264 2596 Videris
288 2529 376 2595 enim
398 2528 481 2594 mihi
500 2541 568 2594 tarn
587 2525 742 2596 deformis
760 2524 879 2595 ancilla
896 2526 988 2595 nullo
1007 2524 1091 2613 alio,
1113 2527 1168 2596 sed

133 2684 264 2761 tantum
282 2668 398 2738 sedulo
417 2669 598 2736 ministerio
610 2683 772 2737 amatores
791 2682 863 2737 tuos
883 2669 1084 2761 promereri:
1099 2669 1167 2760 jam
1203 2652 1206 2658 ’

134 2841 214 2911 ergo
228 2831 261 2883 et
278 2816 347 2907 ipsa
372 2813 501 2906 frugem
528 2827 619 2880 tuam
640 2811 862 2906 periclitabor.
889 2813 1050 2881 Discerne
1070 2813 1168 2879 semi·

134 2985 214 3028 num
233 2961 372 3027 istorum
393 2959 554 3051 passivam
585 2956 774 3049 congeriem
796 2982 804 3022 ι
826 2954 1029 3050 singulisque
1057 2957 1169 3048 granis

134 3108 196 3171 rite
230 3104 396 3197 dispositis
424 3117 524 3193 atque
553 3101 734 3192 sejugatis,
768 3114 844 3167 ante
874 3100 970 3166 istam
999 3122 1168 3191 vesperam

135 3271 217 3341 opus
244 3242 433 3340 expeditum
462 3244 645 3339 approbato
674 3244 765 3311 mihi.
791 3216 844 3311 Sic
869 3242 1037 3337 assignato
1059 3257 1169 3311 tauto·

135 3418 209 3462 rum
226 3392 387 3458 seminum
407 3387 558 3472 cumulo,
581 3389 652 3479 ipsa
669 3411 768 3454 coenae
789 3385 928 3476 nuptiali
948 3386 1118 3453 concessit.
1166 3431 1171 3471 ;

182 3775 253 3840 Nec
268 3771 391 3863 Psyche
406 3794 522 3838 manus
537 3767 716 3837 admolitur
731 3769 908 3836 inconditae
922 3766 970 3836 illi
986 3782 1018 3835 et
1033 3769 1169 3835 inextri-

135 3916 232 3986 cabili
247 3917 342 4004 moli;
360 3916 416 3985 sed
434 3917 638 3984 immanitate
656 3917 810 4008 praerepti
827 3929 1052 4000 consternata,
1071 3911 1170 3980 silens
