2596 4582
129 341 166 396 66
357 341 726 398 METAMORPHOSEON
745 344 858 398 LIBER
879 346 939 399 Vll.

129 471 214 536 nisse
234 469 403 535 hominem
422 483 454 535 et
471 483 596 536 statura
614 494 809 561 procerum,
829 485 862 539 et
881 487 975 539 aetate
989 472 1166 563 juvenem,

129 628 161 680 ct
179 637 318 707 corpore
337 627 485 697 vastum,
504 628 536 681 et
554 610 653 682 manu
672 629 845 684 strenuum
866 642 873 682 :
893 618 1166 708 eique'suasisse‚

127 782 165 825 ac
185 756 327 849 denique
347 757 564 848 persuasisse,
587 772 620 823 ut
643 783 759 825 manns
782 759 950 828 hebetatas
971 759 1102 829 diutina
1121 762 1167 852 pi·

128 901 226 993 gritia
252 899 384 967 tandem
408 900 544 966 referret
568 899 610 966 ad
636 899 764 994 frugem
793 900 984 987 meliorem3
1010 902 1167 995 bonoque

128 1043 295 1125 secundae,
311 1042 389 1110 dum
407 1058 532 1135 posset,
546 1042 710 1111 frueretur
723 1043 942 1112 valetudinis:
958 1069 1019 1113 nec
1031 1070 1167 1113 manum

128 1187 269 1256 validam
287 1187 460 1280 erogandae
476 1189 553 1280 stipi
571 1189 769 1281 porrigeret,
786 1188 1043 1258 sed'hauriendo
1057 1191 1167 1283 potius

130 1347 300 1399 exerceret
319 1356 411 1398 auro.

136 1541 139 1545 ψ
177 1497 313 1566 Talibus
338 1498 433 1565 dictis
459 1502 603 1566 universi
628 1525 743 1566 omnes
768 1523 934 1567 assensere
960 1525 968 1566 :
994 1515 1028 1567 et
1054 1497 1164 1585 illum,

134 1646 191 1735 qui
214 1644 282 1734 jam
308 1645 541 1734 comprobatus
567 1643 754 1731 videretur,
779 1643 937 1731 adscisci,
962 1658 995 1712 et
1021 1643 1104 1714 alios
1127 1645 1165 1713 ad

130 1784 353 1880 supplendum
383 1811 559 1854 numerum
590 1788 749 1880 vestigare
776 1802 937 1855 statuunt.
966 1791 1062 1856 Tunc
1091 1814 1164 1883 pro·

129 1930 251 2015 fectus,
279 1945 312 1996 et
335 1928 505 2021 paululum
530 1945 753 1997 commoratus
776 1929 851 2017 ille,
876 1931 1026 2024 perducit
1048 1933 1163 2000 imma·

129 2098 205 2141 nem
231 2073 406 2166 quemdam
432 2074 610 2164 juvenem,
637 2075 686 2140 uti
711 2074 817 2141 fuerat
842 2073 1030 2167 pollicitus,
1055 2078 1163 2145 nescio

130 2248 172 2290 an
191 2220 250 2290 ulli
267 2222 479 2316 praesentium
495 2220 764 2314 comparandum.
783 2222 871 2288 Nam
889 2236 1008 2314 praeter
1024 2237 1163 2292 ceteram

130 2338 278 2457 corporis
301 2363 444 2449 molem,
466 2379 537 2432 toto
560 2365 683 2430 vertice
707 2378 844 2432 cunctos
867 2365 1113 2459 antepollebat,
1136 2381 1164 2435 et

128 2511 159 2576 ei
174 2510 391 2577 commodum
410 2507 535 2600 lanugo
553 2506 648 2576 malis
666 2509 852 2601 inserpebat
871 2536 878 2576 :
900 2509 955 2577 sed
973 2509 1074 2603 plane
1092 2537 1162 2581 cen-

131 2651 276 2721 tunculis
293 2651 481 2744 disparibus
498 2666 532 2718 et
549 2649 632 2719 male
650 2653 885 2721 consarcinatis
902 2656 1161 2726 semiamictum:

132 2799 217 2863 inter
241 2821 324 2888 quos
350 2810 466 2888 pectus
491 2810 525 2863 et
550 2810 662 2862 venter
686 2811 832 2865 crustata
858 2798 1005 2868 crassitie
1026 2799 1162 2870 relucta·

131 2940 223 3007 bant.

180 3103 235 3168 Sic
253 3100 490 3193 introgressus,
511 3103 628 3184 Arete,
646 3100 770 3190 inquit,
787 3100 965 3181 fortissimo
985 3102 1047 3172 deo
1066 3104 1159 3172 Marti

132 3241 284 3327 clienteS,
306 3242 453 3334 miliique
471 3244 540 3334 jam
559 3241 616 3308 lidi
637 3240 894 3330 commilitonem
915 3261 947 3312 et
967 3248 1078 3316 virum
1099 3242 1185 3315 ma-'

132 3387 294 3479 gnanimae
318 3386 502 3452 vivacitatis
527 3383 690 3452 volentem
717 3384 860 3455 volentes
883 3390 1042 3481 accipite,
1065 3389 1160 3459 liben-

134 3532 199 3599 tius
222 3529 361 3597 vulnera
383 3553 523 3621 corpore
546 3529 783 3620 excipientem,
804 3556 904 3622 quam
927 3558 1049 3602 aurum
1070 3556 1160 3602 manu

65 3712 68 3717 »
133 3676 362 3767 suscipientem
391 3697 398 3738 :
427 3674 563 3764 ipsaque
593 3687 723 3757 morte,
750 3698 850 3764 quam
881 3673 1063 3744 formidant
1092 3674 1162 3760 alii,

134 3818 313 3887 meliorem.
335 3821 407 3890 Nec
426 3844 478 3886 me
497 3820 619 3911 putetis
638 3844 796 3913 egenum,
818 3818 868 3887 vel
885 3822 1072 3914 abjectum,
1092 3846 1168 3891 neve

133 3961 173 4029 de
196 3962 352 4055 pannulis
377 3964 446 4032 istis
469 3964 608 4045 virtutes
630 3987 720 4032 meas
744 3965 918 4032 aestimetis.
944 3967 1032 4034 Nam
1056 3966 1169 4061 praelui
