2596 4582
222 313 260 368 60
449 308 810 367 METAMORPHOSEON
831 309 945 365 LIBER
964 309 1029 364 VII.

225 436 411 526 nescioqui
435 435 556 502 Lucius
580 450 695 502 auctor
717 434 907 502 manifestus
931 433 1086 501 facinoris
1108 434 1246 527 postula·

223 581 322 647 batur
342 604 350 644 ε
371 578 429 669 qui
452 578 610 672 proximis
634 576 771 665 diebus,
788 542 874 645 lictis
896 576 1177 646 commendatitiis
1201 574 1248 643 lit·

223 722 321 806 teris,
341 717 460 789 Miloni
480 743 563 806 sese,
587 721 693 787 virum
711 720 942 786 commentitus
960 719 1107 807 bonum,
1132 720 1249 787 arctius

222 860 474 948 conciliaverat3
496 877 535 930 ut
555 862 654 931 ctiam
675 862 819 955 hospitio
842 877 1031 956 susceptus,
1053 863 1141 930 inter
1162 862 1249 931 fami-

224 1006 319 1073 liares
347 1006 479 1073 intimos
505 1005 683 1074 haberetur
708 1031 716 1073 ε
742 1003 966 1099 plusculisque
991 1004 1113 1074 ibidem
1139 1005 1249 1074 diebus

225 1147 431 1231 demoratus,
452 1145 540 1215 falsis
559 1147 729 1215 amoribus
742 1144 868 1215 ancillae
888 1145 1024 1215 Milonis
1043 1149 1191 1216 animum
1211 1150 1250 1215 ir·

224 1315 364 1384 repens,
392 1290 502 1381 januae
531 1289 674 1359 claustra
701 1289 814 1359 sedulo
842 1283 1090 1384 exploraverat,
1123 1306 1156 1359 et
1185 1293 1249 1385 ipsa

226 1436 388 1520 membra,
403 1438 436 1502 in
453 1437 545 1526 queis
563 1461 660 1504 omne
676 1437 911 1530 patrimonium
929 1434 1026 1504 condi
1042 1434 1184 1526 solebat,
1198 1461 1249 1505 cu·

225 1582 310 1648 riose
333 1593 553 1673 perspexerat.
577 1582 646 1647 Nec
669 1544 822 1672 exiguum
842 1577 989 1648 scelerati
1009 1581 1249 1649 monstrabatur

226 1725 404 1810 indicium3
422 1727 546 1819 quippe
563 1749 667 1817 quum
686 1725 799 1793 eadem
822 1740 937 1813 nocte,
961 1725 1023 1794 sub
1042 1726 1115 1818 ipso
1138 1712 1249 1821 llagitii

226 1884 414 1965 momento,
438 1869 523 1936 idem
547 1867 762 1963 profugisset,
782 1892 843 1937 nec
866 1869 983 1937 exinde
1005 1894 1145 1962 usquam
1167 1893 1249 1939 com·

227 2028 374 2107 pareret;
392 2016 517 2080 namet
534 2011 721 2106 praesidium
736 2012 838 2106 fogae,
858 2036 925 2104 quo
940 2010 1101 2100 velocius,
1120 2012 1249 2083 frustra-
1272 2036 1277 2045 ·

227 2164 268 2229 tis
288 2161 548 2248 insecutoribus,
566 2158 680 2255 procul
698 2184 736 2228 ac
753 2157 868 2255 procul
888 2157 1023 2227 abderet
1038 2184 1129 2248 sese,
1147 2160 1249 2229 eidem

225 2304 319 2375 facile
338 2305 571 2399 suppeditasse.
592 2308 723 2398 Equum
743 2329 887 2396 namque
909 2301 1004 2371 illurn
1026 2327 1124 2372 suum
1147 2303 1250 2375 candi·

226 2449 324 2535 dum,
341 2464 505 2518 vectorem
524 2449 693 2535 futurum,
715 2448 845 2516 duxisse
864 2470 984 2516 secum.
1005 2444 1107 2516 Plane
1126 2470 1248 2517 servum

228 2594 298 2682 ejus
324 2590 444 2658 ibidem
474 2592 508 2658 in
535 2590 680 2685 hospitio
706 2603 895 2683 repertum,
921 2588 1080 2660 scelerum
1108 2589 1250 2660 consilio·

228 2758 367 2827 rumque
385 2733 540 2802 herilium
560 2733 708 2802 futurum
729 2734 893 2820 indicem,
916 2758 976 2828 per
994 2734 1205 2828 magistratus
1223 2733 1251 2800 in

230 2877 392 2972 publicam
412 2855 595 2947 custodiam
615 2893 805 2972 receptum,
826 2893 860 2944 et
884 2875 986 2946 altera
1010 2848 1063 2944 die
1087 2877 1250 2946 tormentis

230 3037 379 3090 vexatum
400 3019 568 3115 pluribus,
588 3046 625 3089 ac
644 3045 736 3113 paene
756 3020 797 3088 ad
818 3019 967 3089 ultimam
987 3035 1129 3089 mortem
1148 3045 1248 3091 excae

230 3166 418 3252 nilicatum,
440 3165 486 3233 nil
503 3164 685 3258 quidquam
703 3188 814 3232 rerum
833 3162 949 3232 talium
967 3188 1037 3233 essc
1053 3164 1246 3247 confessum

230 3313 345 3379 missos
370 3312 534 3380 tamenin
560 3311 700 3404 patriam
724 3309 818 3377 Lucii
841 3310 929 3377 viros
954 3306 1075 3377 multos
1099 3331 1247 3391 numero,

229 3458 285 3547 qui
303 3480 395 3522 rcum
415 3479 526 3547 poenas
545 3453 698 3522 daturum
719 3451 848 3521 sceleris
867 3453 1081 3544 inquirerent.

277 3788 355 3851 Haec
366 3808 405 3850 co
419 3797 590 3863 narrante,
605 3784 723 3852 veteris
737 3783 892 3869 fortunae,
905 3796 937 3849 et
950 3778 1037 3848 illius
1048 3778 1137 3849 beati
1149 3777 1248 3861 Lucii,

231 3928 462 4020 praesentisque
484 3952 637 3996 aerumnfe
661 3941 695 3994 ct
713 3923 851 3994 infelicis
875 3925 957 3992 asini
982 3924 1066 3993 lacta
1090 3943 1249 4016 compart-
