2596 4582
213 302 250 358 32
460 304 820 362 METAMORPHOSEON
843 305 954 363 LIBER
973 306 1022 361 vl.

214 426 383 508 faucibus,
404 444 571 514 mortuos,
591 432 711 524 quibus
728 433 796 525 jam
816 431 863 500 nil
883 431 962 502 mali
988 446 1095 526 potest
1117 433 1247 520 facere,

214 571 335 639 frustra
357 572 556 660 territando,
579 587 655 642 ante
677 575 782 666 ipsum
803 573 901 643 limen
922 588 955 643 et
975 589 1045 643 atra
1065 576 1147 644 atria
1168 578 1249 645 Pro·

215 718 353 808 serpinae
370 741 499 810 semper
515 717 697 803 excubans,
715 734 822 787 servat
840 743 977 788 vacuam
994 721 1083 789 Ditis
1098 720 1247 790 domum.
1277 764 1281 774 ·

219 865 312 929 Hunc
329 861 527 929 offrenatum
546 863 644 930 unius
666 861 777 931 offulae
794 864 906 957 pracda
926 861 1021 933 facile
1040 864 1246 957 preteribis:

213 1005 256 1073 ad
284 1007 453 1099 ipsamque
478 1008 628 1100 protinus
653 1009 887 1101 Proserpinam
911 1008 1062 1076 introibis
1085 1034 1094 1075 ε
1115 1032 1190 1101 quoe
1218 1025 1248 1078 te

214 1153 352 1219 comiter
369 1153 522 1245 excipiet,
541 1177 579 1220 ac
596 1152 755 1247 benigne3
772 1167 810 1220 ut
827 1168 859 1221 et
877 1150 1021 1221 molliter
1037 1152 1198 1242 assidere,
1216 1169 1249 1223 et

216 1297 391 1391 prandium
412 1298 548 1391 opipare
568 1297 703 1366 suadeat
723 1323 861 1367 sumere.
882 1298 946 1367 Sed
967 1312 1004 1368 tu
1025 1313 1057 1367 et
1079 1298 1174 1366 humi
1196 1324 1248 1369 re·

216 1440 302 1527 side,
327 1454 360 1508 et
386 1464 502 1532 panem
527 1439 696 1510 sordidum
725 1440 862 1534 petitum
887 1456 989 1510 esto:
1014 1440 1134 1511 deinde
1157 1466 1248 1511 nun·

216 1584 314 1667 tiato,
329 1581 410 1674 quid
427 1579 612 1665 adveneris,
630 1597 864 1676 susceptoque,
879 1580 968 1676 quod
982 1580 1157 1671 offeretur,
1173 1609 1248 1653 rur·

217 1753 270 1794 sus
290 1753 460 1814 remeans,
480 1728 746 1797 canissaevitiem
767 1725 871 1796 offula
889 1725 1016 1821 reliqua
1034 1726 1186 1796 redime:
1209 1754 1248 1798 ac

123 1902 127 1909 ·
216 1871 334 1939 deiude
357 1897 456 1940 avaro
479 1872 597 1940 navitae
619 1871 716 1958 data,
739 1895 837 1965 quam
861 1894 1084 1941 reservaveras
1106 1873 1247 1969 stipem,

218 2019 420 2110 transitoque
445 2018 515 2109 ejus
542 2016 664 2096 fluvio,
690 2013 855 2085 recalcans
885 2018 994 2110 priora
1022 2017 1179 2110 vestigia,
1206 2018 1247 2087 ad

217 2162 316 2229 istum
333 2159 513 2228 coelestium
529 2159 672 2227 siderum
690 2156 796 2227 redies
813 2158 962 2227 chorum.
984 2157 1048 2228 Sed
1067 2159 1154 2229 inter
1173 2186 1246 2229 om·

217 2309 269 2376 nia
295 2308 359 2375 boc
385 2305 626 2374 observandum
652 2303 814 2398 praecipue
840 2302 899 2372 tibi
926 2327 1067 2390 censeo,
1097 2330 1138 2374 ne
1166 2304 1247 2374 velis

214 2454 344 2545 aperire
365 2451 415 2519 vei
435 2452 596 2544 inspicere
626 2448 733 2536 illam,
753 2473 854 2541 quam
873 2448 975 2535 seres,
997 2448 1173 2543 pyxidem,
1196 2450 1246 2520 vel

216 2593 352 2660 omnino
373 2591 584 2659 formositatis
604 2590 725 2658 divinae
748 2588 898 2658 abditum
923 2591 1085 2660 curiosius
1110 2592 1246 2661 thesau-

215 2758 300 2802 rum.
321 2734 375 2802 Sic
396 2735 496 2801 turris
516 2730 571 2801 illa
588 2732 766 2826 prospicua
786 2733 1030 2801 vaticinationis
1048 2756 1170 2802 munus
1190 2758 1246 2802 ex·

214 2876 340 2972 plicuit.

261 3065 333 3134 Nec
357 3076 485 3131 morata
510 3061 654 3155 Psyche,
685 3060 794 3153 pergit
816 3062 1017 3128 Taenarum:
1039 3061 1246 3155 sumptisque

214 3209 278 3277 rite
298 3208 438 3302 stipibus
458 3205 522 3274 illis
542 3221 574 3275 et
592 3203 722 3286 offulis,
739 3204 902 3272 infernum
922 3203 1068 3273 decurrit
1082 3221 1244 3274 meatum:

215 3352 421 3442 transitoque
454 3372 511 3441 per
542 3344 709 3416 silentium
738 3346 882 3414 asinario
913 3343 1033 3432 debili,
1063 3359 1096 3414 et
1115 3349 1244 3416 amnica

213 3499 297 3590 stipe
319 3493 443 3562 vectori
464 3490 561 3580 data,
582 3489 735 3585 neglecto
753 3490 999 3582 supernatantis
1017 3491 1142 3557 mortui
1160 3489 1244 3559 desi·

214 3641 328 3726 derio,
344 3654 377 3706 et
393 3638 511 3731 spretis
528 3637 701 3705 textricum
725 3631 871 3702 subdolis
892 3632 1064 3726 precibus,
1081 3634 1119 3701 'et
1137 3633 1246 3717 offula

215 3783 289 3850 cibo
319 3781 425 3873 sopita
455 3779 545 3846 canis
571 3776 728 3844 horrendi
753 3774 865 3861 rabie,
884 3775 1020 3842 domum
1042 3777 1246 3870 Proserpinae

216 3935 374 4015 penetrat.
391 3923 460 3990 Nec
489 3917 658 3986 offerentis
690 3917 827 4008 hospitae
850 3914 951 3984 sedile
972 3914 1171 4005 delicatum,
1196 3916 1246 3986 vel
