2596 4582
133 333 166 389 14
220 281 222 285 ’
361 323 729 381 uurxuoaruosaou
749 326 860 382 mmm
881 329 928 382 vr.

175 450 312 540 Jamque
339 446 424 515 fores
442 449 512 541 ejus
540 448 680 517 dominae
703 453 904 544 proximanti
928 453 1074 520 occurrit
1096 478 1160 522 uua

129 592 170 659 de
181 590 395 660 famulatione
409 592 565 680 Veneris,
576 595 709 662 nomine
717 595 931 664 Consuetudo
944 623 951 664 :
966 598 1161 692 statimque,

78 790 81 797 .
128 751 291 829 quantum
318 737 458 804 maxime
481 738 610 830 potuit,
635 735 821 807 exclamat:
847 739 1014 831 Tandem,
1041 742 1162 813 ancilla

128 879 346 971 nequissima,
367 879 536 948 dominam
561 880 683 948 habere
702 895 733 948 te
754 881 838 949 scire
855 881 1007 974 coepisti?
1031 887 1082 952 An
1100 909 1162 976 pro

129 1038 238 1092 cetera
253 1048 383 1099 morum
404 1039 538 1092 tuorum
555 1026 757 1110 temeritate,
780 1024 867 1092 istud
885 1050 1019 1118 quoque
1033 1028 1185 1095 nescire.

134 1182 163 1235 te
184 1167 298 1262 fingis,
318 1182 458 1261 quantos
477 1165 606 1236 labores
625 1169 711 1236 circa
728 1182 802 1236 tuas
821 1169 1051 1261 inquisitiones
1061 1173 1162 1238 susti·

130 1312 323 1384 nuerimus?
350 1310 414 1380 Sed
446 1313 555 1397 bene,
581 1311 670 1403 quod
695 1336 783 1380 meas
809 1313 1019 1405 potissimum
1043 1338 1163 1384 manus

133 1457 301 1545 incidisti,
332 1471 365 1524 et
397 1458 483 1524 iuter
507 1456 587 1524 Orci
613 1479 749 1524 cancros
770 1456 839 1548 jam
865 1457 952 1549 ipsos
975 1455 1163 1545 adhaesisti3

134 1601 251 1671 datura
279 1597 403 1670 scilicet
426 1614 572 1669 actutum
601 1602 815 1669 contumaciae
840 1616 941 1669 tautae
965 1624 1089 1694 poenas.
1122 1606 1164 1670 Et

133 1746 303 1815 audaciter
320 1746 354 1812 in
370 1742 508 1837 capillos
519 1745 590 1836 ejus
608 1744 752 1812 immissa
769 1768 887 1831 manu,
907 1743 1059 1812 trahebat
1073 1768 1165 1830 eam,

133 1917 342 1985 nequaquam
360 1891 568 1959 renitentem.

179 2061 290 2149 Quam
316 2059 373 2126 ubi
398 2060 541 2151 primum
569 2058 738 2126 inductam
767 2057 977 2152 oblatamque
1001 2059 1063 2127 sibi
1081 2082 1161 2127 cou-

133 2206 238 2298 spexit
252 2208 385 2291 Venus,
406 2201 601 2294 latissimum
616 2203 814 2270 cachinnum
832 2201 975 2290 extollit,
992 2218 1025 2272 et
1033 2202 1163 2296 qualem

133 2350 240 2421 solent
257 2350 424 2418 ferventer
443 2351 541 2418 irati:
560 2363 726 2441 caputque
741 2350 911 2439 quatiens,
928 2364 962 2417 et
974 2348 1164 2442 adscalpens

132 2520 246 2565 aurem
266 2494 455 2580 dexteram,
480 2492 647 2576 Tandem,
668 2494 796 2584 iuquit,
820 2491 955 2586 dignata
975 2518 1008 2562 es
1032 2518 1164 2562 socrum

135 2656 226 2708 tuam
251 2635 418 2706 salutare?
445 2640 498 2704 An
528 2637 640 2730 potius
670 2636 849 2731 maritum„
871 2637 929 2729 qui
950 2635 1086 2704 vulnere
1106 2651 1165 2705 tuo

134 2779 360 2876 periclitatur,
380 2778 573 2847 intervisere
594 2777 736 2846 venisti?
756 2778 821 2877 Sed
840 2793 910 2845 esto
934 2802 1058 2847 secura.
1093 2783 1165 2851 Jant

135 2928 223 2995 enim
244 2925 404 3016 excipiam
417 2939 470 3005 te,
488 2938 525 2990 ut
545 2922 666 2991 bonam
683 2948 805 2991 nurum
821 2923 999 3021 condecet3
1017 2937 1068 3009 et,
1083 2923 1167 3007 Ubi,

134 3071 257 3162 inquit,
270 3066 466 3138 Sollicitudo
484 3082 583 3159 atque
597 3067 773 3154 Tristities,
784 3065 909 3135 ancillae
925 3066 1165 3154 meae?Quibus

137 3215 348 3283 introvocatis
367 3211 585 3305 torquendam
603 3211 739 3279 tradidit
756 3236 838 3279 eam.
858 3215 901 3280 At
916 3204 980 3280 illae
995 3227 1168 3304 sequentes

135 3359 237 3431 herile
257 3378 473 3453 praeceptum,
491 3356 640 3450 Psychen
659 3354 820 3425 misellam
836 3355 973 3449 flagellis
987 3355 1167 3441 afflictam,

134 3523 166 3577 et
183 3505 301 3575 ceteris
326 3505 498 3573 tormentis
522 3504 761 3583 excruciatam,
787 3504 906 3569 iterum
926 3500 1068 3570 dominae
1087 3526 1169 3570 eon-

136 3651 263 3745 spectui
281 3647 434 3717 reddunt.

184 3799 280 3862 Tunc
299 3816 412 3860 rursus
424 3791 564 3867 ¹sublato
585 3792 653 3859 risu
672 3793 810 3872 Venus,
832 3793 874 3857 Et
898 3813 998 3875 ecce,
1030 3789 1141 3883 iuquit
1160 3841 1168 3872 ,

141 3941 237 4009 nobis
258 3939 382 4032 turgidi
397 3939 520 4005 ventris
539 3939 588 4005 sui
608 3935 771 4003 lenocinio
788 3950 971 4003 commovet
986 3937 1170 4005 miseratio·
