2596 4582
129 329 165 379 ,ο
353 270 721 367 mnramonrirosnoa
742 312 853 367 mann
874 312 939 365 ru.

177 438 314 526 Jamque
343 433 495 527 plurimis
527 435 653 502 itineris
687 432 963 516 difficultatibus,
997 433 1165 525 marisque

128 577 310 645 terroribus
335 575 530 662 exantlatis,
556 577 761 670 Zacynthum
789 578 923 671 petebat
941 602 949 642 ε
970 601 1071 668 quam
1096 602 1166 644 sors

128 723 159 788 ei
176 717 286 787 fatalis
296 718 489 789 decreverat
501 721 735 814 temporariam
754 720 876 788 sedem.
896 719 961 790 Sed
977 744 1081 812 quum
1097 721 1166 812 pri-

128 889 220 933 mum
253 863 332 933 litus
364 866 562 951 Actiacum,
600 890 668 956 quo
697 879 777 934 tunc
809 864 1007 933 Macedonia
1042 863 1166 957 delapsi

129 1007 377 1103 grassabamus,
397 1005 598 1100 appulisset;
629 1024 725 1080 nocte
752 1023 927 1101 promota,
958 1005 1167 1093 tabernulam

130 1152 309 1246 quamdam
330 1151 421 1221 litori
443 1153 587 1246 navique
608 1154 793 1248 proximam
814 1207 823 1236 ,
851 1154 963 1222 vitatis
985 1153 1086 1223 maris
1104 1151 1168 1220 ssu-

129 1295 258 1380 ctibus,
278 1296 490 1365 incubabant.
501 1296 711 1384 Invadimus,
728 1311 761 1365 et
771 1297 947 1390 diripimus
961 1297 1085 1364 omnia.
1099 1298 1169 1366 Nec

131 1454 242 1508 tamen
263 1438 413 1532 periculo
433 1438 497 1507 levi
513 1442 629 1509 tentati
650 1440 869 1510 discessimus.
894 1439 1000 1509 Simul
1024 1466 1170 1534 namque

130 1587 277 1677 primum
296 1609 413 1653 sonum
432 1587 545 1678 januae
562 1602 714 1655 matrona
730 1586 900 1679 percepit,
923 1610 1126 1678 procurrens
1139 1587 1170 1653 iu

131 1730 345 1819 cubiculum,
370 1730 571 1801 clamoribus
590 1734 746 1826 inquietis
764 1747 884 1803 cuncta
904 1733 1061 1802 miscuit:
1084 1731 1170 1822 mili·

132 1891 203 1959 tes,
224 1900 366 1968 suosque
388 1874 532 1947 famulos
558 1877 776 1963 nominatim,
802 1876 858 1944 sed
882 1891 916 1943 et
938 1901 1072 1961 omnem
1091 1878 1170 1945 vici·

132 2021 221 2088 niam
238 2021 462 2113 suppetiatum
480 2045 687 2088 convocans:
708 2022 769 2088 uisi
783 2020 872 2113 quod
890 2045 1014 2113 pavore
1033 2035 1171 2090 cuncto·

133 2189 225 2250 rum,
248 2166 306 2257 qui
328 2166 391 2233 sibi
409 2166 548 2258 quisque
560 2179 744 2233 metuentes
754 2163 1006 2249 delitescebant,
1018 2164 1170 2234 ellectum

134 2325 183 2379 est
202 2326 239 2379 ut
256 2312 392 2410 impune
412 2311 667 2380 discederemus.

184 2632 250 2699 Sed
269 2635 421 2726 protinus
446 2633 649 2700 sanctissima
675 2632 773 2724 (vera
799 2635 886 2701 enim
910 2631 1049 2707 dicenda
1076 2632 1170 2725 sunt)

135 2791 168 2844 ot
189 2778 294 2844 unicae
313 2776 390 2845 fidei
409 2777 556 2860 femina,
582 2779 676 2846 bonis
697 2780 823 2846 artibus
840 2783 1003 2872 gratiosa,
1023 2780 1169 2872 precibus

136 2920 178 2989 ad
198 2923 336 2991 Caesaris
355 2946 480 2989 numen
504 2924 685 3014 porrectis,
722 2937 755 2990 et
781 2923 902 2991 marito
921 2923 1068 2990 reditum
1091 2921 1170 2992 cele·

136 3089 225 3150 rem,
254 3079 288 3132 et
306 3089 508 3159 aggressurae
530 3065 664 3159 plenam
685 3066 865 3134 vindictam
886 3068 1086 3159 impetravit.
1109 3071 1171 3136 De·

138 3213 239 3308 nique
262 3209 368 3279 noluit
389 3236 459 3279 esse
483 3213 594 3280 Caesar
613 3178 718 3279 Haemi
746 3210 884 3280 latronis
904 3211 1083 3306 collegium
1102 3239 1111 3299 ;
1145 3227 1172 3279 et

137 3355 312 3428 confestim
339 3357 495 3422 interivit.
517 3360 663 3425 Tantum
687 3369 794 3447 potest
819 3358 918 3423 etiam
941 3371 1043 3424 nutus
1065 3355 1173 3449 magni

137 3501 308 3592 principis.
328 3504 413 3569 Tota
440 3499 582 3592 denique
606 3499 748 3569 factione
772 3499 965 3568 militarium
992 3500 1173 3571 vexillatio-

139 3672 218 3714 num
245 3645 403 3741 indagatu
427 3645 577 3714 confecta
595 3661 694 3738 atque
713 3647 864 3731 concisa,
890 3649 959 3739 ipse
978 3673 1031 3715 me
1052 3646 1175 3717 furatus

141 3815 245 3882 aegrc,
266 3791 354 3860 solus
376 3791 492 3859 mediis
510 3793 589 3865 Orci
608 3789 757 3865 faucibus
773 3789 814 3857 ad
828 3791 918 3858 bunc
933 3793 1021 3858 evasi
1032 3792 1174 3860 modum.

65 3946 68 3953 '
140 3939 277 4029 Sumpta
301 3955 387 4006 rosto
408 3938 562 4007 muliebri
584 3937 721 4019 llorida,
741 3938 773 4004 in
791 3938 881 4004 sinus
901 3935 1056 4004 flaccidos
1075 3939 1177 4006 abuu-
