2596 4582
128 290 164 358 51.
355 291 722 349 METAMORPHOSEON
741 292 853 347 LIBER
873 293 921 346 VI.

176 423 246 491 Nec
263 435 356 490 seetae
372 418 521 514 collegii,
539 444 599 488 nec
618 418 862 488 mansuetudini
880 419 1105 514 singulorum,
1124 447 1159 490 ac

129 585 269 631 nemeae
289 561 421 654 quidem
444 561 610 630 modestiae
630 561 799 656 congruit,
820 562 887 654 pati
906 586 964 630 vos
984 560 1073 630 ultra
1095 588 1161 632 mo·

129 705 226 791 dum,
239 703 417 797 delictique
430 706 543 774 saevire
555 704 732 773 terminum
747 729 755 770 ε
768 728 828 772 nec
840 703 941 792 feras,
954 727 1015 773 nec
1029 730 1160 788 cruces,

130 877 192 923 nec
209 853 318 948 ignes,
335 878 396 923 nec
413 867 591 939 tormenta,
606 877 644 921 ac
660 875 702 919 ne
718 850 834 919 mortis
850 849 984 942 quidem
999 863 1162 945 maturate

130 999 262 1068 festinas
279 1000 430 1068 tenebras
447 1021 617 1068 arcessere.
640 996 723 1065 Meis
741 996 853 1101 itaque¹
870 993 1016 1064 consiliis
1036 994 1163 1066 auscul-

131 1157 261 1229 tantes,
286 1143 388 1214 vitam
418 1140 553 1235 puellae,
582 1141 636 1208 sed
665 1165 762 1232 quam
791 1106 957 1224 meretur,
986 1136 1161 1235 largimini.

131 1285 201 1353 Nec
226 1308 284 1350 vos
314 1284 474 1350 memoria
499 1281 651 1350 deseruit·
676 1282 812 1372 ntique,
839 1279 919 1373 quid
946 1282 1014 1374 jam
1039 1280 1164 1350 dudum

133 1425 344 1494 decreveritis
367 1427 408 1493 de
433 1429 496 1494 isto
520 1428 635 1512 asino,
660 1450 788 1519 semper
813 1427 907 1519 pigro
931 1425 1088 1517 quidem,
1112 1423 1165 1495 sed

135 1567 344 1639 manducone
373 1593 522 1654 summo,
549 1594 638 1637 nunc
664 1570 762 1637 etiam
787 1569 937 1637 mendaci
965 1569 1051 1638 fictae
1079 1569 1166 1637 debi·

133 1709 253 1799 litatis,
275 1727 309 1779 et
330 1710 500 1805 virginalis
521 1711 605 1807 fugae
627 1726 796 1804 sequestro
817 1712 1047 1804 ministroque.
1070 1714 1166 1781 Hunc

136 1853 238 1949 igitur
265 1853 419 1949 jugulare
449 1854 594 1931 erastino
622 1853 773 1949 placeat,
805 1856 949 1948 totisque
979 1857 1167 1926 vacuefacto

136 1997 345 2092 praecordiis,
365 2023 425 2091 per
441 1998 583 2067 mediam
600 1997 711 2069 alvum
728 1998 851 2068 nudam
870 2000 1052 2093 virginem,
1071 2024 1167 2094 quam

138 2139 281 2234 praetulit
298 2141 409 2228 nobis,
427 2143 583 2211 insuere:
602 2156 639 2210 ut
656 2140 725 2210 sola
743 2141 826 2210 facie
843 2143 1067 2235 prominente,
1085 2158 1167 2212 cete-

137 2310 212 2354 rum
239 2310 360 2378 corpus
386 2282 503 2381 pueliae
527 2309 615 2354 nexu
641 2284 747 2353 ferino
771 2300 941 2374 coerceat3
968 2301 1048 2354 tunc
1073 2310 1168 2383 super

138 2426 273 2520 aliquod
297 2454 411 2505 saxum
434 2420 646 2522 scruposum,
672 2429 862 2498 insuticium
887 2443 920 2498 et
942 2428 1084 2499 fartilem
1108 2395 1168 2500 asi·

140 2597 219 2640 rrum
240 2596 427 2665 exponere,
447 2589 479 2641 et
499 2571 576 2641 solis
595 2572 740 2641 ardentis
760 2575 936 2668 vaporibus
956 2574 1097 2644 tradere.
1119 2576 1169 2646 Sic

137 2715 225 2782 enim
245 2729 383 2798 cuncta,
404 2739 477 2806 quae
500 2729 590 2785 recte
612 2716 790 2804 statuistis,
811 2717 908 2787 ambo
927 2719 1138 2787 sustinebunt
1160 2744 1167 2786 ε

140 2870 175 2924 et
192 2871 331 2924 mortem
349 2857 479 2946 asinus,
497 2883 596 2951 quam
614 2859 743 2953 pridem
761 2863 899 2947 meruit3
918 2875 952 2928 et
970 2859 1026 2930 iila
1044 2887 1169 2932 morsus

35 3084 39 3093 ι
141 3000 301 3088 serarum,
320 3025 423 3094 quum
441 3027 568 3088 vermes
585 3004 732 3073 membra
749 3001 938 3093 laniabunt,
957 3020 990 3075 et
1006 3007 1095 3098 ignis
1113 3007 1169 3075 fla·

44 3198 47 3205 -
141 3148 322 3241 grantiam,
344 3172 447 3240 quum
471 3147 518 3215 sol
543 3149 653 3217 nimiis
677 3147 844 3217 caloribus
868 3150 1080 3219 inflammarit
1099 3166 1170 3220 ute·

141 3315 232 3370 rum;
248 3306 283 3358 ct
295 3289 435 3385 patibuli
452 3295 649 3378 cruciatum,
667 3318 771 3387 quum
787 3318 888 3362 canes>
903 3308 936 3362 et
953 3292 1104 3363 vultures
1122 3294 1171 3362 in·

142 3435 221 3502 tima
246 3435 438 3530 protrahent
464 3436 596 3506 viscera.
625 3436 690 3509 Sed
714 3453 747 3506 et
770 3451 893 3507 ceteras
918 3438 990 3531 ejus
1013 3461 1173 3509 aerumnas

142 3597 172 3650 et
192 3597 358 3651 tormenta
376 3598 558 3658 numerate.
579 3588 723 3654 Mortuae
742 3585 852 3653 bestiae
871 3587 940 3677 ipsa
963 3585 1075 3653 vivens
1094 3609 1174 3654 ven·

144 3738 227 3799 trem,
244 3727 426 3814 habitabit3
446 3743 517 3796 tum
536 3727 650 3795 foetore
669 3728 771 3795 nimio
789 3753 884 3796 nares
903 3729 1054 3796 aestuabit
1073 3754 1080 3794 :
1104 3730 1175 3797 ine·

143 3868 203 3937 diae
224 3868 357 3937 diutinae
377 3869 464 3939 letali
486 3870 571 3938 fame
592 3870 750 3958 tabescet,
771 3897 829 3940 nec
846 3872 914 3943 suis
931 3870 1048 3941 saitem
1064 3869 1180 3942 liberis
