2596 4582
106 302 165 383 '2a
361 330 725 390 uerauoarnosaoa
746 335 854 392 arnna
877 337 927 392 v1.

130 451 219 520 haud
239 455 446 523 immaturius
467 455 592 543 redit03
613 458 690 550 quia
711 483 763 526 me
786 484 917 528 necesse
940 473 989 528 est
1012 459 1160 544 indidem

124 594 326 684 delibutam,
347 597 511 668 theatrum
532 599 668 669 deorum
689 601 908 696 frequentare.

176 1062 271 1129 Tunc
283 1063 408 1158 Psyche
422 1060 472 1131 vel
488 1064 629 1132 maxime
643 1065 746 1133 sensit
758 1063 889 1134 ultimas
901 1064 1050 1134 fortunas
1062 1042 1139 1134 suas
1154 1092 1163 1133 τ

128 1220 181 1291 et,
201 1205 385 1275 velamento
403 1207 542 1301 rejecto,
560 1207 601 1275 ad
620 1222 809 1305 promptum
828 1209 963 1277 exitium
982 1233 1052 1277 sese
1069 1235 1163 1279 com·

131 1346 211 1442 peili
226 1350 397 1419 manifeste
411 1351 581 1444 comperit.
595 1350 740 1440 Quidni?
752 1376 825 1444 qua
839 1353 905 1421 suis
920 1351 1057 1445 pedibus
1072 1349 1162 1423 uitro

130 1491 172 1560 ad
196 1495 372 1561 Tartarum
396 1496 578 1586 Manesque
601 1492 751 1562 demeare
775 1508 957 1588 cogeretur.
983 1497 1053 1565 Nec
1078 1479 1161 1564 cun·

131 1651 219 1706 ctata
242 1637 386 1723 diutius,
412 1639 520 1732 pergit
544 1639 585 1705 ad
612 1640 800 1733 quampiam
827 1639 945 1707 turrim
972 1637 1162 1733 praealtam,

131 1780 277 1849 indidem
293 1806 327 1849 se
349 1780 465 1852 datura
483 1783 694 1877 precipitem.
715 1785 769 1852 Sic
791 1784 879 1850 enim
895 1783 1031 1851 rebatur
1046 1781 1100 1850 vel
1119 1781 1163 1851 ad

129 1924 258 1993 inferos
272 1937 360 1993 reeta
374 1939 472 2016 atque
486 1923 709 2017 pulcherrime
719 1949 753 1992 se
766 1949 861 2019 posse
874 1924 1080 1995 descendere.
1096 1926 1161 1994 Sed

132 2070 233 2137 turris
251 2050 402 2162 prorupit
418 2069 453 2136 in
469 2071 589 2138 vocem
600 2068 759 2152 subitam,
777 2072 836 2156 Et,
856 2068 948 2156 Quid
966 2083 1015 2152 te,
1033 2068 1162 2161 inquit,

130 2198 332 2307 praecipitio,
355 2210 500 2299 misella,
524 2213 642 2306 quaeris
663 2211 892 2307 exstinguere?
912 2195 1078 2304 Quidque.
1091 2213 1160 2306 jam

132 2361 311 2430 novissimo
336 2358 501 2454 periculo,
527 2359 696 2454 laborique
720 2359 783 2429 isto
807 2375 929 2429 temere
952 2359 1163 2429 succumbis?

132 2511 235 2618 Nam,
251 2509 277 2577 si
295 2511 429 2603 spiritus
444 2532 582 2602 corpore
597 2523 655 2579 tuo
672 2507 770 2577 semel
788 2508 886 2576 fuerit
903 2510 1086 2602 sejugatus,
1102 2508 1164 2576 ibis

132 2656 266 2753 quidem
292 2656 439 2751 profecto
465 2656 507 2725 ad
534 2659 636 2726 imum
663 2661 858 2746 Tartarum,
884 2658 941 2731 sed
968 2656 1044 2726 inde
1071 2656 1165 2728 nullo

132 2826 230 2907 paeto
248 2809 356 2880 redire
373 2809 505 2904 poteris.
526 2808 609 2878 Mihi
627 2807 784 2879 ausculta.
802 2810 1017 2881 Lacedaemon
1033 2812 1165 2881 Achaiae

133 2958 252 3030 nobilis
272 2960 386 3028 civitas
405 2983 473 3026 non
494 2956 592 3053 longe
615 2957 675 3027 sita
698 2971 756 3026 est.
777 2960 883 3051 Hujus
902 2959 1163 3045 conterminam,

134 3107 237 3177 deviis
254 3105 400 3176 abditam
417 3104 516 3193 locis,
532 3130 639 3199 quaere
654 3109 839 3175 Taenarum.
860 3107 946 3175 Inibi
962 3065 1163 3202 spiraculum

133 3257 242 3343 Ditis,
264 3233 297 3326 et
320 3281 380 3352 pcr
403 3270 516 3349 portas
541 3257 669 3327 hiantes
693 3271 897 3330 monstratur
919 3258 982 3325 iter
1005 3257 1133 3325 invium
1155 3282 1163 3325 :

132 3410 227 3502 cujus
247 3422 278 3476 te
300 3406 404 3477 limite
423 3423 625 3476 transmeato
648 3409 709 3477 viae
733 3405 831 3476 simul
855 3408 1077 3495 commiseris,
1095 3407 1165 3498 jam

130 3545 245 3616 canale
263 3545 389 3613 directo
409 3570 525 3640 perges
547 3543 589 3614 ad
613 3546 717 3639 ipsam
742 3545 821 3613 Orci
847 3546 981 3639 regiam.
1006 3543 1072 3627 Sed
1096 3548 1165 3612 non

134 3693 292 3760 hactenus
311 3714 413 3760 vacua
432 3690 564 3760 debebis
581 3715 640 3784 per
660 3689 730 3759 illas
749 3691 899 3758 tenebras
919 3689 1085 3775 incedere,
1107 3687 1166 3755 sed

132 3831 215 3909 offas
237 3832 378 3925 polentae
401 3828 508 3901 mulso
531 3845 700 3900 concretas
724 3831 883 3900 ambabus
908 3845 1034 3925 gestare
1056 3830 1166 3897 mani·

132 3977 210 4065 bus,
227 3991 262 4046 at
276 3978 375 4046 etiam
391 3977 426 4044 iu
443 3976 514 4070 ipso
531 4001 588 4045 ore
606 3975 687 4044 duas
704 3975 788 4044 ferre
804 3976 914 4070 stipes.
933 3979 1071 4067 Jamque
1087 3996 1166 4055 con·
