2572 4584
119 336 160 394 88
358 331 724 391 METAMORPHOSEON
743 331 858 389 LIBER
877 332 944 388 VII.

123 467 288 534 Venerem
306 463 392 556 pasti
412 463 573 530 satianter
592 487 632 531 ac
652 461 709 530 diu
727 461 888 557 saginati,
903 430 1071 531 'terribiles
1085 462 1171 531 alio·

124 609 226 702 quin,
244 622 278 676 et
295 609 410 701 utique
431 607 551 699 quovis
568 608 661 676 asino
679 605 852 694 fortiores,
864 606 906 674 de
920 632 973 676 me
982 622 1163 681 metuentes

124 751 209 837 sibi,
244 747 410 819 adulterio
439 749 595 844 degeneri
626 766 882 845 praecaventes„
898 776 959 821 nec
988 750 1155 847 Hospitalis

125 897 215 966 Jovis
235 910 368 965 servato
387 895 529 984 loedere,
559 894 698 965 rivalem
723 921 855 966 summo
886 896 1035 967 surentes
1061 922 1167 992 perse.

126 1055 277 1134 quuntur
295 1040 384 1110 odio.

179 1614 243 1680 Hic
261 1610 354 1680 elatis
371 1615 405 1680 in
427 1610 533 1680 altum
550 1613 652 1680 vastis
670 1612 859 1705 pectoribus
878 1662 887 1697 ,
908 1609 1034 1678 arduus
1049 1603 1169 1704 capite,

130 1772 163 1825 et
180 1755 329 1826 sublimis
340 1759 477 1844 vertice,
494 1756 696 1850 primoribus
713 1758 747 1823 in
766 1782 817 1824 mc
833 1744 1171 1849 pugillaturungulis,

131 1900 188 1970 ille
210 1916 302 1994 terga
327 1901 476 1996 pulposis
502 1899 619 1970 torulis
645 1902 743 1970 obesa
766 1915 979 1984 convertens,
1002 1898 1171 1992 postremis

134 2048 292 2118 velitatur
304 2048 450 2118 calcibus
467 2075 476 2137 ;
503 2049 587 2118 alius
607 2050 743 2118 hinnitu
761 2048 909 2143 maligno
931 2049 1171 2133 comminatus,

131 2193 287 2263 remulsis
316 2195 481 2282 auribus,
510 2194 729 2287 dentiumque
762 2193 978 2264 candentium
1009 2192 1171 2263 renudatis

132 2339 254 2428 hastis,
280 2355 389 2409 totum
411 2365 465 2408 me
485 2340 729 2410 commorsicat.
757 2340 812 2408 sie
837 2336 926 2432 apud
947 2334 1171 2406 historiamdt

132 2509 211 2578 rege
225 2485 372 2555 Thracio
393 2485 559 2580 legeram,
573 2488 632 2578 qui
648 2487 788 2554 miseros
805 2485 950 2581 hospites
963 2482 1171 2579 ferinisequit

133 2630 203 2696 suis
223 2627 416 2698 lacerandos
439 2627 716 2721 devorandosque
740 2629 944 2723 porrigebat.
974 2628 1069 2698 Adeo
1095 2650 1171 2723 pru

133 2786 253 2865 potens
275 2771 330 2842 ille
348 2787 510 2869 tyrannus
528 2775 574 2842 sic
594 2798 713 2866 parcus
730 2773 848 2842 hordei
869 2772 953 2860 fuit,
975 2788 1011 2841 ut
1029 2771 1171 2842 edacium

132 2916 366 3010 jumentorum
394 2917 516 2988 famem
541 2942 721 3012 corporum
750 2918 976 2986 humanorum
1004 2915 1171 3011 largitione

138 3061 280 3130 sedaret.
302 3060 355 3131 Ad
379 3061 533 3130 eumdem
560 3060 697 3130 modum
729 3061 907 3130 distractus
931 3076 964 3129 et
991 3063 1062 3154 ipse
1083 3058 1171 3131 variis

135 3233 299 3301 equorum
316 3207 524 3295 incursibus,
543 3231 678 3277 rursum
698 3206 839 3276 molares
859 3206 933 3276 illos
952 3207 1116 3277 circuitus
1134 3228 1171 3275 re

135 3354 320 3448 quirebam.

184 3527 311 3595 Verum
337 3525 486 3594 Fortuna
515 3525 595 3591 meis
626 3524 830 3592 cruciatibus
856 3520 1053 3592 insatiabilis
1085 3519 1171 3591 alian

137 3667 247 3738 denuo
264 3671 346 3738 mihi
365 3685 495 3766 pestem
513 3671 681 3741 instruxit.
694 3670 840 3766 Delegor
853 3673 941 3741 enim
961 3667 1056 3766 ligno
1070 3678 1171 3739 moult

138 3809 356 3904 devehundo,
383 3839 533 3913 puerque
556 3816 637 3886 mihi
657 3815 834 3909 praefectus
850 3816 1054 3910 imponitur,
1071 3808 1171 3885 omni

137 3954 202 4025 bus
217 3958 323 4028 modis
342 3957 396 4029 ille
414 3959 549 4056 quidem
571 3984 654 4057 puer
670 3959 879 4030 deterrimus.
896 3961 967 4029 Ncc
986 3985 1040 4032 mc
1062 3950 1171 4029 monti
