2596 4582
133 333 169 387 36
373 341 745 396 METAMORPHOSEON
766 342 878 397 LIBER
891 341 947 395 ·v1.

132 484 264 526 rursum
283 462 441 553 perieras,
455 462 601 549 misella,
623 464 722 532 simili
741 465 941 533 curiositate.
962 461 1025 530 Sed
1039 461 1170 529 iuterim

128 579 266 696 'quidem
293 620 328 673 tu
349 602 574 698 prouinciam,
593 633 666 701 quae
688 607 746 676 tibi
774 609 888 677 matris
905 632 986 675 meae
1005 620 1170 699 praerepto

131 748 286 818 mandata
303 766 371 837 est,
392 776 570 846 exsequere
584 754 735 847 gnaviter
749 779 757 818 τ
773 725 880 821 cetera
894 766 1026 848 egomet
1041 750 1168 818 videro.

130 898 189 969 Jlis
210 896 328 984 dictis,
349 915 478 968 amator
494 897 574 969 levis
592 902 625 968 in
641 903 760 993 pinnas
778 924 812 968 se
829 898 930 968 dedit.
945 898 1071 990 Psyche
1090 922 1169 967 vero

131 1041 303 1110 confestim
320 1045 441 1112 Veneri
460 1068 581 1112 munus
601 1058 751 1138 reportat
770 1042 986 1135 Proserpinae.

128 1463 133 1471 β
179 1383 307 1447 Interea
325 1378 458 1472 Cupido
479 1402 591 1445 amore
617 1379 719 1445 nimio
734 1401 887 1469 peresus,
918 1391 950 1444 et
976 1401 1063 1469 aegra
1084 1377 1169 1446 faeie

131 1523 244 1591 matris
272 1547 337 1590 suae
363 1523 572 1614 repentinam
600 1522 811 1590 sobrietatem
835 1522 1095 1615 pertimescens,
1125 1522 1168 1590 ad

129 1665 246 1735 armile
263 1664 368 1734 rodit:
389 1664 516 1758 alisque
538 1659 726 1758 pernicibus
744 1664 817 1733 coeli
834 1681 1008 1759 penetrato
1027 1667 1167 1752 vertice,

131 1836 252 1905 magno
269 1813 341 1879 lovi
359 1809 550 1904 supplicat,
578 1835 740 1903 suamque
758 1835 889 1880 causam
910 1812 1038 1904 probat.
1072 1814 1167 1880 Tunc

129 1956 274 2048 Jupiter,
294 1975 473 2047 perprensa
490 1953 666 2047 Cupidinis
689 1952 851 2034 buccula,
876 1979 1044 2047 manuque
1069 1952 1112 2023 ad
1130 1980 1166 2023 os

129 2126 225 2171 suum
246 2098 365 2184 relata,
384 2099 578 2181 consaviat,
605 2111 705 2190 atque
724 2099 770 2165 sic
787 2097 828 2165 ad
850 2095 944 2166 illum
966 2124 973 2166 :
1001 2099 1094 2167 Licet
1112 2115 1165 2186 tu,

130 2247 257 2338 inquit,
278 2243 413 2311 domine
427 2240 495 2327 lili,
513 2265 694 2334 numquam
715 2240 795 2308 mibi
815 2266 971 2309 concessu
994 2241 1094 2311 deum
1113 2243 1166 2313 de·

129 2405 256 2458 cretum
275 2388 416 2457 servaris
434 2387 595 2454 honorem
614 2410 621 2453 :
642 2385 698 2454 sed
717 2385 805 2454 istud
824 2400 939 2480 pectus
954 2411 1164 2482 metumque

107 2558 112 2564 ’
129 2535 217 2629 leges
236 2531 476 2601 elementorum
500 2545 534 2599 et
551 2531 636 2599 vices
657 2529 802 2616 ¹siderum
821 2531 1062 2624 disponuntur,
1085 2557 1164 2601 eon·

128 2662 311 2747 ¹vulneraris
328 2674 469 2744 assiduis
488 2672 626 2759 ictibus,
644 2673 834 2767 crebrisque
853 2678 1000 2743 terrenae'
1018 2674 1163 2746 libidinis

128 2822 299 2891 foedaveris
320 2819 472 2905 casibus,
491 2833 676 2912 contraque
698 2816 871 2918 leges,et
892 2821 997 2912 ipsam
1020 2819 1162 2910 Juliam,

128 2963 401 3059 disciplinamque
420 2961 586 3057 publicam
619 2961 774 3056 turpibus
800 2961 970 3032 adulteriis
997 2966 1163 3035 existima·

128 3111 250 3177 tionem
269 3106 455 3199 famamque
470 3129 576 3173 meam
592 3102 730 3189 laeseris,
751 3107 783 3173 in
802 3119 988 3199 serpentes,
1001 3107 1035 3174 in
1052 3109 1161 3203 ignes,

128 3257 162 3323 in
185 3253 290 3339 seras,
311 3253 345 3319 in
361 3275 437 3341 aves
453 3265 487 3319 et
505 3249 651 3345 gregalia
672 3274 776 3343 pecua
796 3249 928 3320 serenos
944 3250 1054 3321 vultus
1073 3279 1163 3337 meos

127 3396 260 3466 sordide
285 3392 516 3480 resorma11d03
547 3407 692 3462 attamen
719 3393 888 3463 modestiae
912 3419 993 3463 meae
1016 3418 1161 3482 memor,

127 3540 283 3634 quodque
297 3540 383 3606 inter
402 3539 480 3605 istas
495 3561 582 3605 meas
602 3562 720 3607 manus
736 3539 903 3623 creveris,
923 3555 1044 3609 cuncta
1063 3541 1162 3634 perli-

127 3688 236 3753 eiam:
257 3684 336 3752 dmn
354 3699 463 3751 tamen
483 3682 565 3749 scias
583 3681 720 3752 aemulos
744 3698 819 3754 tuos
836 3709 1039 3771 caverezae,
1058 3687 1163 3780 siqua

129 3852 216 3896 ruine
235 3829 268 3895 in
284 3828 380 3895 terris
395 3824 503 3920 puella
521 3825 691 3920 praepollet
709 3824 973 3922 pulchritudine,
994 3833 1163 3924 praesentis

127 3970 276 4040 beneficii
290 3974 397 4040 vicem
410 3997 469 4066 per
486 3996 558 4041 earn
576 3973 657 4040 mibi
671 3997 846 4066 repensare
863 3987 896 4042 te
912 3975 1042 4046 debere.
