2596 4582
131 308 166 358 72
351 290 721 346 METAMORPHOSEON
745 290 857 347 LIBER
878 290 941 346 Vll.

129 415 249 500 dante,
274 414 464 507 mitellaque
481 415 586 484 textili
607 431 759 485 contecto
780 416 906 509 capite,
932 415 1050 483 calceis
1069 414 1166 483 femi·

128 562 197 628 neis
221 559 303 627 albis
334 559 396 627 illis
431 574 463 627 et
489 560 640 627 tenuibus
662 558 837 652 inductus,
864 560 952 628 etin
978 559 1167 652 sequiorem
1206 614 1209 619 .

127 729 239 772 sexum
254 705 399 778 insertus
417 690 516 796 atque
532 701 761 791 absconditus,
779 702 882 772 asello
899 705 1005 797 spicas
1019 703 1166 773 hordea·

128 871 201 915 ceas
228 850 356 940 gerenti
382 847 548 933 residens,
583 872 642 940 per
665 847 787 915 medias
810 850 898 916 acies
920 846 1031 916 infesti
1053 845 1167 916 militis

128 989 318 1059 transabivi.
338 995 424 1062 Nam
449 991 621 1060 mulierem
643 1008 799 1085 putantes
821 992 1018 1078 asinariam,
1042 1016 1165 1060 eonce-

129 1132 252 1202 debant
278 1133 398 1203 liberos
419 1137 527 1204 abitus
543 1163 551 1203 :
567 1137 696 1230 'quippe
725 1162 828 1230 quum
856 1136 938 1205 mihi
960 1137 1060 1204 etiam
1086 1153 1167 1233 tunc

130 1275 252 1369 depiles
274 1303 364 1370 genae
383 1277 453 1345 laevi
470 1279 610 1371 pueritia
633 1279 888 1372 splendicarent.

181 1496 250 1561 Nee
268 1494 308 1560 ab
332 1492 387 1562 illa
406 1510 514 1562 tamen
535 1511 672 1588 paterna
694 1494 798 1588 gloria
813 1494 863 1563 vel
884 1519 955 1562 mea
974 1496 1098 1562 virtute
1111 1495 1168 1563 de-

130 1638 232 1714 scivi,
255 1661 454 1729 quamquam
477 1638 707 1731 semitrepidus
725 1640 819 1730 juxta
839 1664 1012 1709 mucrones
1028 1640 1169 1708 Martios

129 1782 347 1867 constitutum
369 1784 424 1852 sed
442 1785 575 1851 habitus
592 1783 686 1851 alieni
706 1784 834 1852 fallacia
856 1799 978 1868 tectus,
1001 1782 1097 1853 villas
1113 1809 1168 1853 seu

130 1924 261 1995 castella
287 1926 375 1994 solus
400 1926 612 2021 aggrediens,
634 1925 829 1995 viaticulum
860 1927 940 1994 milii
970 1928 1106 1995 corrasi.
1129 1930 1169 1995 Et

130 2069 311 2139 diloricatis
340 2073 451 2139 statim
474 2070 650 2163 pannulis,
674 2073 707 2137 in
737 2071 885 2139 medium
915 2069 1064 2163 profudit
1104 2070 1169 2138 duo

130 2214 233 2283 millia
251 2240 430 2284 aureorum
444 2240 454 2302 3
472 2231 519 2300 et,
538 2218 605 2300 En,
617 2216 844 2307 inquit,istam
854 2212 1055 2307 sportulam,
1068 2215 1168 2282 immo

132 2385 211 2428 vero
230 2360 340 2428 dotem
359 2375 468 2427 vestro
487 2357 626 2451 collegio
645 2356 774 2443 libens,
797 2381 914 2449 meque
936 2357 1028 2425 vobis
1051 2356 1168 2426 ducem

131 2505 346 2587 fidissimum,
366 2508 391 2571 si
415 2520 524 2571 tamen
542 2528 608 2570 non
629 2503 806 2584 recusatis,
826 2501 953 2570 offero:
974 2503 1066 2570 brevi
1086 2517 1167 2570 tem·

132 2649 220 2739 poris
251 2650 358 2740 spatio
382 2646 544 2739 lapideam
575 2649 669 2714 istam
693 2646 827 2715 domum
854 2662 997 2714 vestram
1022 2646 1168 2715 facturus

131 2816 274 2858 auream.

181 2935 251 3002 Nec
269 2957 385 3020 mora,
409 2958 468 3000 nec
489 2937 681 3001 cunctatio:
705 2933 760 3001 sed
780 2931 915 3001 calculis
935 2933 1092 3001 omnibus
1109 2931 1165 3000 du-

131 3091 241 3145 catum
267 3066 410 3144 latrones
434 3078 609 3144 unanimes
633 3079 662 3144 ei
686 3075 841 3144 deferunt
860 3103 867 3142 :
889 3092 1081 3170 vestemque
1101 3076 1168 3146 lau·

130 3220 305 3289 tiusculam
324 3221 516 3313 proferunt,
533 3236 686 3289 sumeret.
700 3221 837 3312 Abjeeto
850 3218 1050 3289 centunculo
1069 3221 1169 3288 divite

133 3368 179 3434 sic
200 3365 418 3451 reformatus,
441 3381 473 3435 et
492 3365 640 3460 singulos
657 3364 885 3452 exosculatus,
917 3381 949 3433 et
976 3366 1008 3432 in
1041 3390 1171 3434 summo

131 3506 298 3602 pulvinari
317 3507 464 3595 locatus,
487 3532 579 3574 coena
598 3522 630 3574 et
645 3505 771 3600 poculis
792 3508 919 3600 magnis
937 3506 1169 3602 inauguratur.

178 3659 274 3723 Tune
301 3655 510 3722 sermonibus
539 3656 662 3722 mutuis
688 3654 728 3722 de
765 3654 901 3748 virginis
932 3653 1031 3748 fuga,
1065 3654 1171 3748 deque

132 3823 205 3864 mea
232 3815 388 3884 vectura,
419 3813 452 3866 ct
478 3801 611 3892 utrique
640 3799 801 3867 destinata
826 3812 1037 3866 monstruosa
1065 3813 1172 3867 morte

131 3939 324 4030 cognoscit:
346 3953 376 4005 et
398 3939 454 4006 ubi
469 3936 618 4007 locorum
640 3953 725 4006 esset
745 3936 799 4005 illa
819 3951 1049 4030 percontatuS,
1066 3937 1171 4006 dedu·
