2596 4582
225 292 262 361 76
377 347 381 355 ,
447 295 817 357 METAMORPHOSEON
839 299 951 357 LIBER
972 299 1038 355 vll.

271 678 334 748 sed
354 681 387 745 in
408 679 536 748 diutina
555 679 795 749 deliberatione
815 682 938 763 ceteri,
959 681 1147 749 cruciantes
1168 706 1261 750 mora

221 822 349 891 consilii
369 846 441 890 mea
458 823 662 916 praecordia,
683 826 784 891 immo
807 848 884 890 vero
906 823 1062 890 miserum
1083 824 1262 917 spiritum,

222 964 361 1033 libentes
382 964 513 1033 taudem
535 966 650 1032 novitii
674 962 813 1032 latronis
832 964 994 1032 accedunt
1012 965 1206 1034 sententiae:
1230 979 1261 1033 et

224 1109 375 1201 protinus
409 1107 548 1176 vinculis
578 1107 754 1176 exsolvunt
783 1108 954 1200 virginem.
984 1109 1069 1196 Quae
1099 1106 1262 1200 quidem,

220 1251 319 1320 simul
336 1252 462 1320 viderat
478 1250 572 1320 illum
588 1254 765 1344 juvenem,
788 1251 988 1343 fornicisque
1007 1265 1041 1318 et
1054 1250 1186 1320 lenonis
1204 1278 1261 1321 au·

223 1397 328 1465 dierat
346 1397 564 1481 mentionem,
580 1398 679 1488 coepit
693 1397 762 1463 risu
783 1395 951 1462 laetissimo
970 1396 1110 1486 gestire3
1133 1412 1172 1465 ut
1182 1398 1261 1464 mihi

224 1542 344 1607 merito
364 1541 491 1608 subiret
514 1540 715 1632 vituperatio
733 1541 836 1605 totius
853 1562 948 1605 sexus
967 1564 974 1605 :
995 1562 1099 1630 quum
1115 1537 1261 1609 viderem

224 1682 367 1776 puellam
394 1685 487 1777 proci
512 1685 644 1774 juvenis
671 1708 783 1751 amore
810 1684 1070 1776 nuptiarumque
1095 1699 1260 1752 castarum

226 1824 387 1893 desiderio
408 1823 584 1909 simulato,
609 1822 776 1917 lupanaris
799 1827 909 1918 spurci
934 1824 1126 1918 sordidique
1152 1829 1260 1896 subito

224 1969 377 2038 delectari
406 1972 550 2038 nomine.
578 1974 620 2037 Et
643 1984 720 2037 tunc
750 1969 883 2061 quidem
912 1985 1057 2038 totarum
1086 1971 1258 2041 mulierum

224 2129 311 2183 secta
330 2137 502 2205 moresque
522 2112 563 2180 de
582 2114 665 2180 asini
685 2112 873 2205 pendebant
889 2112 1025 2204 judicio.

274 2685 336 2754 Sed
365 2686 420 2754 ille
438 2687 571 2778 juvenis
593 2711 743 2755 sermone
763 2688 926 2780 repetito,
946 2686 1039 2774 Quin
1060 2687 1184 2780 igitur,
1209 2685 1252 2750 iu·

223 2832 315 2924 quit,
335 2829 559 2925 supplicatum
584 2833 686 2901 Marti
713 2834 826 2900 comiti
851 2833 1041 2925 pergimus,
1063 2846 1096 2898 et
1117 2828 1252 2925 puellam
1290 2876 1292 2885 .

223 2976 321 3043 simul
342 2976 531 3063 vendituri,
553 2992 585 3045 et
611 2978 718 3045 socios
742 2976 958 3071 indagaturi?
978 2973 1063 3057 Sed,
1088 2990 1128 3043 ut
1147 2974 1250 3055 video,

224 3119 354 3188 nullum
373 3121 501 3214 uspiam
520 3145 620 3214 pecus
641 3120 860 3207 sacrificatui,
880 3144 920 3187 ac
938 3143 979 3187 ne
1000 3118 1116 3187 vinum
1131 3117 1252 3212 quidem

225 3264 354 3359 potatui
382 3264 508 3332 affatim
533 3264 583 3332 vel
615 3264 782 3333 sufficiens
808 3264 977 3332 habemus.
1005 3267 1130 3333 Decem
1156 3265 1253 3355 itaque

225 3408 307 3476 mihi
326 3406 431 3502 legate
453 3409 614 3492 comites,
633 3407 727 3499 queis
747 3421 922 3476 contentus
939 3408 1131 3500 proximum
1150 3401 1253 3477 castel·

222 3552 293 3620 lum
312 3567 439 3646 petam,
452 3550 529 3619 inde
545 3551 638 3619 vobis
653 3550 766 3645 epulas
783 3550 917 3621 saliares
934 3567 1199 3646 comparaturus
1211 3551 1253 3621 sic

222 3722 262 3765 eo
288 3698 456 3791 profecto,
488 3698 587 3765 ceteri
615 3697 786 3790 copiosum
813 3699 983 3766 instruunt
1008 3698 1136 3792 ignem,
1164 3719 1255 3766 aram·

223 3863 288 3930 quc
315 3843 437 3933 cespite
461 3841 581 3908 virenti
602 3841 701 3907 Marti
727 3839 788 3907 deo
808 3840 944 3909 faciunt.
969 3843 1039 3911 Nec
1060 3841 1168 3911 multo
1193 3849 1255 3935 post

223 3981 405 4051 adveniunt
425 3984 489 4070 illi,
506 3985 649 4052 vinarios
670 3998 758 4052 utres
770 3982 927 4073 serentes,
943 4000 975 4054 et
991 3988 1153 4081 gregatim
1164 4005 1255 4082 pecua
