2596 4582
142 324 179 381 50
385 323 750 381 METAMORPHOSEON
770 326 883 383 LIBER
903 330 951 384 vl.

140 474 215 518 meo
233 449 336 517 latere
353 447 500 543 aliquid,
521 447 573 518 vel
592 448 885 538 vultushominis,
907 451 958 521 vel
978 451 1079 522 facies
1100 452 1177 522 deo-

139 612 224 656 rum.

188 930 277 995 Dum
303 926 372 993 baec
398 924 585 993 idemtidem
610 922 718 1018 puella
743 924 901 1020 replicat,
925 928 1077 1022 votisque
1102 954 1176 1000 cre·

136 1064 215 1132 bros
245 1062 445 1130 intermiscet
474 1059 669 1153 suspiritus;
698 1059 740 1127 ad
768 1059 933 1153 quoddam
961 1064 1175 1156 pervenimus

137 1201 290 1287 trivium,
310 1199 400 1269 uude
418 1222 472 1266 me
489 1212 621 1290 arrepto
639 1198 783 1291 capistro
801 1197 943 1293 dirigere
960 1198 1174 1273 dextrorsum

137 1361 258 1431 magno
276 1359 375 1429 opere
393 1334 548 1429 gestiebat
568 1360 576 1401 :
599 1333 689 1426 quod
707 1334 749 1402 ad
767 1350 920 1430 parentes
938 1336 1008 1428 ejus
1027 1362 1067 1406 ea
1087 1338 1176 1408 scili·

135 1488 185 1542 cet
205 1475 310 1541 iretur
327 1475 390 1540 via.
411 1471 476 1541 Sed
492 1496 553 1565 ego
571 1495 712 1564 gnarus,
732 1470 875 1540 latrones
893 1471 948 1541 illa
967 1473 1010 1542 ad
1029 1473 1175 1570 reliquas

136 1633 335 1678 commeasse
366 1607 512 1701 praedas,
542 1608 710 1674 renitebar
739 1607 868 1676 fortiter
896 1635 905 1678 ε
936 1624 1035 1704 atque
1061 1614 1111 1683 sic
1139 1619 1173 1684 in

134 1749 248 1816 animo
274 1771 347 1814 meo
373 1747 491 1814 tacitus
517 1743 766 1840 expostulabam
791 1773 798 1813 :
823 1748 915 1834 Quid
936 1750 1034 1833 facis,
1055 1753 1173 1823 infelix

134 1883 265 1983 puella?
284 1869 376 1974 Quid
395 1882 486 1977 agis?
505 1886 575 1953 Cur
593 1883 726 1951 festinas
745 1882 787 1951 ad
808 1886 956 1955 Orcum?
975 1889 1069 1977 Quid
1091 1893 1172 1961 meis

133 2024 273 2119 pedibus
292 2022 400 2090 facere
418 2019 615 2090 contendis?
632 2023 709 2089 Nou
727 2022 812 2089 enim
832 2037 865 2090 te
882 2038 1031 2111 tantum,
1052 2051 1169 2098 verum

132 2164 232 2232 etiam
250 2186 302 2229 me
320 2160 486 2253 perditum
506 2159 578 2226 ibis.

181 2330 235 2398 Sic
253 2353 313 2397 nos
330 2326 460 2393 diversa
477 2323 665 2412 tendentes,
684 2339 717 2391 et
735 2326 769 2392 in
787 2350 885 2395 causa
902 2328 1009 2417 finali,
1028 2331 1071 2400 de
1088 2358 1166 2427 pro-

131 2472 271 2565 prietate
289 2468 367 2548 soli,
386 2471 455 2536 imo
475 2469 534 2535 viae
555 2467 754 2536 erciscundae
771 2470 1023 2558 contendentes,
1041 2477 1166 2569 rapinis

132 2615 199 2681 suis
225 2612 336 2679 onusti
361 2635 474 2678 coram
500 2608 750 2702 deprehendunt
776 2576 1007 2705 ipsi'latrones
1031 2644 1039 2685 ε
1067 2635 1103 2688 et
1125 2618 1166 2689 ad

132 2759 217 2828 lunae
238 2756 447 2850 splendorem
466 2757 535 2850 jam
557 2756 635 2824 inde
660 2754 790 2851 longius
813 2762 980 2854 cognitos,
1005 2764 1076 2835 risu
1095 2793 1165 2837 ma·

130 2900 222 2996 ligno
235 2899 391 2979 salutant,
403 2904 446 2970 Et
462 2924 548 2968 unus
563 2925 732 2969 enumero
747 2902 793 2975 sic
812 2902 978 2998 appellat:
993 2908 1163 2996 Quorsum

130 3049 226 3116 istam
257 3045 426 3115 festinanti
456 3047 594 3138 vestigio
623 3043 803 3116 lucubratis
830 3049 935 3138 viam,
965 3076 1026 3122 nec
1054 3058 1162 3126 uoctis

130 3190 331 3283 intempestae
354 3191 469 3257 Manes
493 3190 682 3280 Larvasque
701 3187 908 3261 formidatis?
933 3199 984 3263 An
1007 3212 1064 3286 tu,
1083 3227 1162 3305 pro·

128 3336 262 3405 bissima
288 3331 416 3428 puella,
443 3347 594 3425 parentes
626 3348 700 3411 tuos
726 3335 841 3403 furtim
869 3339 1060 3413 intervisere
1086 3371 1162 3441 pro·
1209 3380 1212 3385 ·

129 3479 244 3574 peras?
265 3476 331 3548 Sed
349 3501 409 3545 nos
432 3490 465 3544 et
488 3475 659 3547 solitudini
680 3490 743 3545 tuae
766 3481 953 3572 praesidium
975 3489 1163 3579 perhibebi-

129 3648 224 3710 mus,
243 3637 276 3690 et
295 3619 569 3714 compendiosum
588 3618 629 3687 ad
651 3635 725 3688 tuos
747 3622 809 3690 iter
830 3629 1098 3703 monstrabimus.
1119 3640 1163 3707 Et

128 3766 267 3833 verbum
292 3765 411 3858 injecta
435 3784 536 3830 manu
562 3777 709 3848 secutus,
735 3788 856 3857 prenso
883 3768 955 3839 loro
978 3791 1161 3849 retrorsum

129 3936 181 3981 me
203 3914 461 4003 circumtorquct
481 3936 489 3977 :
511 3934 570 3981 nec
591 3908 701 3979 baculi
726 3911 865 3999 nodosi,
886 3941 983 4008 quem
1008 3927 1162 4017 gerebat,
